Co_code,Year,Years,Monthyear,Scrip_name,Compname,Scripcode,Isin,Bsegroup,Mcaptype,Bselistedflag,Nselistedflag,Mcap,Sectorcode,Sectorname,Industrycode,Industryname,Categoryname,Bsesymbol,Bsestatus,Nsestatus,Symbol,Listing,Statement,Companymode,Monthyear,Sectorcode,Industrycode,Income,Net Sales,Other Income,Total Income,Expenditure,Operating Expenses & Administrative Expenses,Miscellaneous Expenses,Interest,Employee Cost,Total Expenditure,Depreciation,Profit Before Tax,Tax,Fringe Benefit Tax,Deferred Tax,Extraordinary Items,Adjusted Net Profit,Adjustment Below Net Profit,P & L Balance Brought Forward,Appropriations,P & L Balance Carried Down,Dividend,Preference Dividend,Equity Dividend %,Dividend Per Share(rs),Other Operating Income,Operating Income - Premium,Cost Of Goods Sold,Changes In Inventory,Advertisement Expenses,R&d Expenses,Net Profit,Earnings Per Share,Earnings Per Share(adj),Book Value(adj),Book Value,Operating Income Sales,Less Pre Operative Expenses Capitalised,Operating Income Premium,Operating Profit,Operating & Administration Expenses,Minority Interest (before Tax),Fringe Benefit Tax,Minority Interest (after Tax),Profit To Loss Of Associate Company,Net Profit After Minority Interest & P&l Assoco,Equity Dividend (%),Eps Before Minority Interest (unit Curr),Eps Before Minority Interest (adj) (unit Curr),Eps After Minority Interest (unit Curr),Eps After Minority Interest (adj) (unit Curr),Sales Turnover,Excise Duty,Stock Adjustments,Raw Materials,Power & Fuel Cost,Other Manufacturing Expenses,Selling & Administrative Expenses,Statutory Appropriations,Ebidt,Promotors Holding,Promotors Holding(%),Government Holding,Government Holding(%),Pledged,Pledged(%),Banks & Financial Institutions,Banks & Financial Institutions(%),Fii,Fii(%),Other Dii,Other Dii(%),Insurance Companies,Insurance Companies(%),Mutual Funds,Mutual Funds(%),Others,Others(%),Total,Total(%)
11,2024-09,2024,Sep2024,Alfred Herbert,Alfred Herbert (India) Ltd,505216,INE782D01027,X,Small Cap,Y,N,123.2,00000026,Finance,00000050,Finance & Investments,Company,ALFREDHE,Active,Delisted,ALFREDHERB,Y,Nutral,0,Sep2024,0,0,0.0,0.0,0.0,0.0,0.0,0.0,0.0,0.0,0.0,0.0,0.0,0.0,0.0,0.0,0.0,0.0,0.0,0.0,0.0,0.0,0.0,0.0,0.0,0.0,0.0,0.0,0.0,0.0,0.0,0.0,0.0,0.0,0.0,0.0,0.0,0.0,0.0,0.0,0.0,0.0,0.0,0.0,0.0,0.0,0.0,0.0,0.0,0.0,0.0,0.0,0.0,0.0,0.0,0.0,0.0,0.0,0.0,0.0,0.0,0.0,569805.0,73.86359999999999,84.0,0.0109,0.0,0.0,90.0,0.0117,0.0,0.0,56362.0,0.0,0.0,0.0,0.0,0.0,145172.0,26.1139,715067.0,73.8862
11,2024-06,2024,Jun2024,Alfred Herbert,Alfred Herbert (India) Ltd,505216,INE782D01027,X,Small Cap,Y,N,123.2,00000026,Finance,00000050,Finance & Investments,Company,ALFREDHE,Active,Delisted,ALFREDHERB,Y,Nutral,0,Jun2024,0,0,0.0,0.0,0.0,0.0,0.0,0.0,0.0,0.0,0.0,0.0,0.0,0.0,0.0,0.0,0.0,0.0,0.0,0.0,0.0,0.0,0.0,0.0,0.0,0.0,0.0,0.0,0.0,0.0,0.0,0.0,0.0,0.0,0.0,0.0,0.0,0.0,0.0,0.0,0.0,0.0,0.0,0.0,0.0,0.0,0.0,0.0,0.0,0.0,0.0,0.0,0.0,0.0,0.0,0.0,0.0,0.0,0.0,0.0,0.0,0.0,569805.0,73.86359999999999,84.0,0.0109,0.0,0.0,90.0,0.0117,0.0,0.0,53826.0,0.0,0.0,0.0,0.0,0.0,147708.0,26.1139,717603.0,73.8862
11,2024-03,2024,Mar2024,Alfred Herbert,Alfred Herbert (India) Ltd,505216,INE782D01027,X,Small Cap,Y,N,123.2,00000026,Finance,00000050,Finance & Investments,Company,ALFREDHE,Active,Delisted,ALFREDHERB,Y,Nutral,S,Mar2024,00000026,00000050,0.0,1.54,0.41,1.95,0.0,0.7000000000000001,0.08,0.01,0.45,1.24,0.17,0.5299999999999999,0.0,0.0,-0.2,0.0,0.72,0.0,15.47,1.41,14.79,0.0,0.0,40.0,4.0,0.0,0.0,0.61,0.0,0.0,0.0,0.72,9.37,9.37,1421.6,1421.6,1.54,0.0,1.54,0.7,0.0,0.0,0.0,0.0,0.0,0.0,0.0,0.0,0.0,0.0,0.0,0.0,0.0,0.0,0.0,0.0,0.0,0.0,0.0,0.0,569805.0,73.86359999999999,84.0,0.0109,0.0,0.0,90.0,0.0117,0.0,0.0,53311.0,0.0,0.0,0.0,0.0,0.0,148223.0,26.1139,718118.0,73.8862
11,2024-03,2024,Mar2024,Alfred Herbert,Alfred Herbert (India) Ltd,505216,INE782D01027,X,Small Cap,Y,N,123.2,00000026,Finance,00000050,Finance & Investments,Company,ALFREDHE,Active,Delisted,ALFREDHERB,Y,Nutral,C,Mar2024,00000026,00000050,0.0,1.79,0.42,2.21,0.0,0.0,0.09,0.04,0.45,1.53,0.17,0.5199999999999999,0.02,0.0,-0.18,0.0,0.67,0.0,16.5,1.43,15.74,0.0,0.0,0.0,4.0,0.1,0.0,0.61,-0.05,0.0,0.0,0.67,0.0,0.0,1557.31,1557.31,1.69,0.0,1.69,0.69,0.9500000000000001,0.0,0.0,0.0,0.0,0.67,40.0,8.75,8.75,8.75,8.75,0.0,0.0,0.0,0.0,0.0,0.0,0.0,0.0,0.0,569805.0,73.86359999999999,84.0,0.0109,0.0,0.0,90.0,0.0117,0.0,0.0,53311.0,0.0,0.0,0.0,0.0,0.0,148223.0,26.1139,718118.0,73.8862
11,2023-12,2023,Dec2023,Alfred Herbert,Alfred Herbert (India) Ltd,505216,INE782D01027,X,Small Cap,Y,N,123.2,00000026,Finance,00000050,Finance & Investments,Company,ALFREDHE,Active,Delisted,ALFREDHERB,Y,Nutral,0,Dec2023,0,0,0.0,0.0,0.0,0.0,0.0,0.0,0.0,0.0,0.0,0.0,0.0,0.0,0.0,0.0,0.0,0.0,0.0,0.0,0.0,0.0,0.0,0.0,0.0,0.0,0.0,0.0,0.0,0.0,0.0,0.0,0.0,0.0,0.0,0.0,0.0,0.0,0.0,0.0,0.0,0.0,0.0,0.0,0.0,0.0,0.0,0.0,0.0,0.0,0.0,0.0,0.0,0.0,0.0,0.0,0.0,0.0,0.0,0.0,0.0,0.0,569805.0,73.86359999999999,84.0,0.0109,0.0,0.0,90.0,0.0117,0.0,0.0,52351.0,0.0,0.0,0.0,0.0,0.0,149183.0,26.1139,719078.0,73.8862
11,2023-09,2023,Sep2023,Alfred Herbert,Alfred Herbert (India) Ltd,505216,INE782D01027,X,Small Cap,Y,N,123.2,00000026,Finance,00000050,Finance & Investments,Company,ALFREDHE,Active,Delisted,ALFREDHERB,Y,Nutral,0,Sep2023,0,0,0.0,0.0,0.0,0.0,0.0,0.0,0.0,0.0,0.0,0.0,0.0,0.0,0.0,0.0,0.0,0.0,0.0,0.0,0.0,0.0,0.0,0.0,0.0,0.0,0.0,0.0,0.0,0.0,0.0,0.0,0.0,0.0,0.0,0.0,0.0,0.0,0.0,0.0,0.0,0.0,0.0,0.0,0.0,0.0,0.0,0.0,0.0,0.0,0.0,0.0,0.0,0.0,0.0,0.0,0.0,0.0,0.0,0.0,0.0,0.0,569805.0,73.86359999999999,84.0,0.0109,0.0,0.0,90.0,0.0117,0.0,0.0,51439.0,0.0,0.0,0.0,0.0,0.0,150095.0,26.1139,719990.0,73.8862
11,2023-06,2023,Jun2023,Alfred Herbert,Alfred Herbert (India) Ltd,505216,INE782D01027,X,Small Cap,Y,N,123.2,00000026,Finance,00000050,Finance & Investments,Company,ALFREDHE,Active,Delisted,ALFREDHERB,Y,Nutral,0,Jun2023,0,0,0.0,0.0,0.0,0.0,0.0,0.0,0.0,0.0,0.0,0.0,0.0,0.0,0.0,0.0,0.0,0.0,0.0,0.0,0.0,0.0,0.0,0.0,0.0,0.0,0.0,0.0,0.0,0.0,0.0,0.0,0.0,0.0,0.0,0.0,0.0,0.0,0.0,0.0,0.0,0.0,0.0,0.0,0.0,0.0,0.0,0.0,0.0,0.0,0.0,0.0,0.0,0.0,0.0,0.0,0.0,0.0,0.0,0.0,0.0,0.0,569805.0,73.86359999999999,84.0,0.0109,0.0,0.0,90.0,0.0117,0.0,0.0,47042.0,0.0,0.0,0.0,0.0,0.0,154492.0,26.1139,724387.0,73.8862
11,2023-03,2023,Mar2023,Alfred Herbert,Alfred Herbert (India) Ltd,505216,INE782D01027,X,Small Cap,Y,N,123.2,00000026,Finance,00000050,Finance & Investments,Company,ALFREDHE,Active,Delisted,ALFREDHERB,Y,Nutral,S,Mar2023,00000026,00000050,0.0,1.47,5.62,7.09,0.0,0.62,4.39,0.03,0.49,5.53,0.18,1.3800000000000001,0.0,0.0,-0.09,0.0,1.48,0.0,15.51,1.52,15.47,0.0,0.0,35.0,3.5,0.0,0.0,0.65,0.0,0.0,0.0,1.48,19.18,19.18,1233.68,1233.68,1.47,0.0,1.47,1.56,0.0,0.0,0.0,0.0,0.0,0.0,0.0,0.0,0.0,0.0,0.0,0.0,0.0,0.0,0.0,0.0,0.0,0.0,0.0,0.0,569805.0,73.86359999999999,84.0,0.0109,0.0,0.0,90.0,0.0117,0.0,0.0,46398.0,0.0,0.0,0.0,0.0,0.0,155136.0,26.1139,725031.0,73.8862
11,2023-03,2023,Mar2023,Alfred Herbert,Alfred Herbert (India) Ltd,505216,INE782D01027,X,Small Cap,Y,N,123.2,00000026,Finance,00000050,Finance & Investments,Company,ALFREDHE,Active,Delisted,ALFREDHERB,Y,Nutral,C,Mar2023,00000026,00000050,0.0,2.76,1.15,3.9099999999999997,0.0,0.0,0.13,0.03,0.49,1.7599999999999998,0.18,1.97,0.01,0.0,-0.08,0.05,1.9999999999999998,0.0,15.98,1.53,16.5,0.0,0.0,0.0,3.5,1.2,0.0,0.52,-0.36,0.0,0.0,2.05,0.0,0.0,1357.59,1357.59,1.56,0.0,1.56,2.15,1.1099999999999999,0.0,0.0,0.0,0.0,2.05,35.0,26.57,26.57,26.57,26.57,0.0,0.0,0.0,0.0,0.0,0.0,0.0,0.0,0.0,569805.0,73.86359999999999,84.0,0.0109,0.0,0.0,90.0,0.0117,0.0,0.0,46398.0,0.0,0.0,0.0,0.0,0.0,155136.0,26.1139,725031.0,73.8862
11,2022-12,2022,Dec2022,Alfred Herbert,Alfred Herbert (India) Ltd,505216,INE782D01027,X,Small Cap,Y,N,123.2,00000026,Finance,00000050,Finance & Investments,Company,ALFREDHE,Active,Delisted,ALFREDHERB,Y,Nutral,0,Dec2022,0,0,0.0,0.0,0.0,0.0,0.0,0.0,0.0,0.0,0.0,0.0,0.0,0.0,0.0,0.0,0.0,0.0,0.0,0.0,0.0,0.0,0.0,0.0,0.0,0.0,0.0,0.0,0.0,0.0,0.0,0.0,0.0,0.0,0.0,0.0,0.0,0.0,0.0,0.0,0.0,0.0,0.0,0.0,0.0,0.0,0.0,0.0,0.0,0.0,0.0,0.0,0.0,0.0,0.0,0.0,0.0,0.0,0.0,0.0,0.0,0.0,569801.0,73.863,84.0,0.0109,0.0,0.0,90.0,0.0117,0.0,0.0,46368.0,0.0,0.0,0.0,0.0,0.0,155170.0,26.1144,725061.0,73.88560000000001
11,2022-09,2022,Sep2022,Alfred Herbert,Alfred Herbert (India) Ltd,505216,INE782D01027,X,Small Cap,Y,N,123.2,00000026,Finance,00000050,Finance & Investments,Company,ALFREDHE,Active,Delisted,ALFREDHERB,Y,Nutral,0,Sep2022,0,0,0.0,0.0,0.0,0.0,0.0,0.0,0.0,0.0,0.0,0.0,0.0,0.0,0.0,0.0,0.0,0.0,0.0,0.0,0.0,0.0,0.0,0.0,0.0,0.0,0.0,0.0,0.0,0.0,0.0,0.0,0.0,0.0,0.0,0.0,0.0,0.0,0.0,0.0,0.0,0.0,0.0,0.0,0.0,0.0,0.0,0.0,0.0,0.0,0.0,0.0,0.0,0.0,0.0,0.0,0.0,0.0,0.0,0.0,0.0,0.0,569801.0,73.863,84.0,0.0109,0.0,0.0,90.0,0.0117,0.0,0.0,45465.0,0.0,0.0,0.0,0.0,0.0,156073.0,26.1144,725964.0,73.88560000000001
11,2022-06,2022,Jun2022,Alfred Herbert,Alfred Herbert (India) Ltd,505216,INE782D01027,X,Small Cap,Y,N,123.2,00000026,Finance,00000050,Finance & Investments,Company,ALFREDHE,Active,Delisted,ALFREDHERB,Y,Nutral,0,Jun2022,0,0,0.0,0.0,0.0,0.0,0.0,0.0,0.0,0.0,0.0,0.0,0.0,0.0,0.0,0.0,0.0,0.0,0.0,0.0,0.0,0.0,0.0,0.0,0.0,0.0,0.0,0.0,0.0,0.0,0.0,0.0,0.0,0.0,0.0,0.0,0.0,0.0,0.0,0.0,0.0,0.0,0.0,0.0,0.0,0.0,0.0,0.0,0.0,0.0,0.0,0.0,0.0,0.0,0.0,0.0,0.0,0.0,0.0,0.0,0.0,0.0,569801.0,73.863,84.0,0.0109,0.0,0.0,90.0,0.0117,0.0,0.0,61177.0,0.0,0.0,0.0,0.0,0.0,140361.0,26.1144,710252.0,73.88560000000001
11,2022-03,2022,Mar2022,Alfred Herbert,Alfred Herbert (India) Ltd,505216,INE782D01027,X,Small Cap,Y,N,123.2,00000026,Finance,00000050,Finance & Investments,Company,ALFREDHE,Active,Delisted,ALFREDHERB,Y,Nutral,S,Mar2022,00000026,00000050,0.0,1.73,0.61,2.34,0.0,0.36,0.07,0.05,0.48,0.96,0.18,1.21,0.04,0.0,0.03,0.0,1.14,0.0,15.8,1.43,15.51,0.0,0.0,30.0,3.0,0.0,0.0,0.58,0.0,0.0,0.0,1.14,14.83,14.83,1266.08,1266.08,1.73,0.0,1.73,1.39,0.0,0.0,0.0,0.0,0.0,0.0,0.0,0.0,0.0,0.0,0.0,0.0,0.0,0.0,0.0,0.0,0.0,0.0,0.0,0.0,569801.0,73.863,84.0,0.0109,0.0,0.0,90.0,0.0117,0.0,0.0,59650.0,0.0,0.0,0.0,0.0,0.0,141888.0,26.1144,711779.0,73.88560000000001
11,2022-03,2022,Mar2022,Alfred Herbert,Alfred Herbert (India) Ltd,505216,INE782D01027,X,Small Cap,Y,N,123.2,00000026,Finance,00000050,Finance & Investments,Company,ALFREDHE,Active,Delisted,ALFREDHERB,Y,Nutral,C,Mar2022,00000026,00000050,0.0,4.08,1.65,5.73,0.0,0.0,0.39,0.06,0.54,3.66,0.18,1.89,0.1,0.0,0.04,0.94,0.8,0.0,15.68,1.44,15.98,0.0,0.0,0.0,3.0,2.25,0.0,1.94,-0.56,0.0,0.0,1.74,0.0,0.0,1376.48,1376.48,1.83,0.0,1.83,2.07,2.67,0.0,0.0,0.0,0.0,1.74,30.0,22.61,22.61,22.61,22.61,0.0,0.0,0.0,0.0,0.0,0.0,0.0,0.0,0.0,569801.0,73.863,84.0,0.0109,0.0,0.0,90.0,0.0117,0.0,0.0,59650.0,0.0,0.0,0.0,0.0,0.0,141888.0,26.1144,711779.0,73.88560000000001
11,2021-12,2021,Dec2021,Alfred Herbert,Alfred Herbert (India) Ltd,505216,INE782D01027,X,Small Cap,Y,N,123.2,00000026,Finance,00000050,Finance & Investments,Company,ALFREDHE,Active,Delisted,ALFREDHERB,Y,Nutral,0,Dec2021,0,0,0.0,0.0,0.0,0.0,0.0,0.0,0.0,0.0,0.0,0.0,0.0,0.0,0.0,0.0,0.0,0.0,0.0,0.0,0.0,0.0,0.0,0.0,0.0,0.0,0.0,0.0,0.0,0.0,0.0,0.0,0.0,0.0,0.0,0.0,0.0,0.0,0.0,0.0,0.0,0.0,0.0,0.0,0.0,0.0,0.0,0.0,0.0,0.0,0.0,0.0,0.0,0.0,0.0,0.0,0.0,0.0,0.0,0.0,0.0,0.0,569801.0,73.863,84.0,0.0109,0.0,0.0,90.0,0.0117,0.0,0.0,59046.0,0.0,0.0,0.0,0.0,0.0,142492.0,26.1144,712383.0,73.88560000000001
11,2021-09,2021,Sep2021,Alfred Herbert,Alfred Herbert (India) Ltd,505216,INE782D01027,X,Small Cap,Y,N,123.2,00000026,Finance,00000050,Finance & Investments,Company,ALFREDHE,Active,Delisted,ALFREDHERB,Y,Nutral,0,Sep2021,0,0,0.0,0.0,0.0,0.0,0.0,0.0,0.0,0.0,0.0,0.0,0.0,0.0,0.0,0.0,0.0,0.0,0.0,0.0,0.0,0.0,0.0,0.0,0.0,0.0,0.0,0.0,0.0,0.0,0.0,0.0,0.0,0.0,0.0,0.0,0.0,0.0,0.0,0.0,0.0,0.0,0.0,0.0,0.0,0.0,0.0,0.0,0.0,0.0,0.0,0.0,0.0,0.0,0.0,0.0,0.0,0.0,0.0,0.0,0.0,0.0,569801.0,73.863,84.0,0.0109,0.0,0.0,90.0,0.0117,0.0,0.0,58402.0,0.0,0.0,0.0,0.0,0.0,143136.0,26.1144,713027.0,73.88560000000001
11,2021-06,2021,Jun2021,Alfred Herbert,Alfred Herbert (India) Ltd,505216,INE782D01027,X,Small Cap,Y,N,123.2,00000026,Finance,00000050,Finance & Investments,Company,ALFREDHE,Active,Delisted,ALFREDHERB,Y,Nutral,0,Jun2021,0,0,0.0,0.0,0.0,0.0,0.0,0.0,0.0,0.0,0.0,0.0,0.0,0.0,0.0,0.0,0.0,0.0,0.0,0.0,0.0,0.0,0.0,0.0,0.0,0.0,0.0,0.0,0.0,0.0,0.0,0.0,0.0,0.0,0.0,0.0,0.0,0.0,0.0,0.0,0.0,0.0,0.0,0.0,0.0,0.0,0.0,0.0,0.0,0.0,0.0,0.0,0.0,0.0,0.0,0.0,0.0,0.0,0.0,0.0,0.0,0.0,569200.0,73.7851,84.0,0.0109,0.0,0.0,90.0,0.0117,0.0,0.0,55559.0,0.0,0.0,0.0,0.0,0.0,146580.0,26.1923,715870.0,73.80770000000001
11,2021-03,2021,Mar2021,Alfred Herbert,Alfred Herbert (India) Ltd,505216,INE782D01027,X,Small Cap,Y,N,123.2,00000026,Finance,00000050,Finance & Investments,Company,ALFREDHE,Active,Delisted,ALFREDHERB,Y,Nutral,S,Mar2021,00000026,00000050,0.0,2.38,0.41,2.79,0.0,0.38,1.78,0.06,0.48,2.7,0.18,-0.09999999999999999,0.08,0.0,0.17,-0.65,0.30000000000000004,0.0,14.66,-1.49,15.8,0.0,0.0,27.5,2.75,0.0,0.0,0.55,0.0,0.0,0.0,-0.35,-4.48,-4.48,1129.26,1129.26,2.38,0.0,2.38,0.08,0.0,0.0,0.0,0.0,0.0,0.0,0.0,0.0,0.0,0.0,0.0,0.0,0.0,0.0,0.0,0.0,0.0,0.0,0.0,0.0,569200.0,73.7851,84.0,0.0109,0.0,0.0,90.0,0.0117,0.0,0.0,55420.0,0.0,0.0,0.0,0.0,0.0,146719.0,26.1923,716009.0,73.80770000000001
11,2021-03,2021,Mar2021,Alfred Herbert,Alfred Herbert (India) Ltd,505216,INE782D01027,X,Small Cap,Y,N,123.2,00000026,Finance,00000050,Finance & Investments,Company,ALFREDHE,Active,Delisted,ALFREDHERB,Y,Nutral,C,Mar2021,00000026,00000050,0.0,7.28,0.82,8.1,0.0,0.0,0.13,0.18,2.06,7.949999999999999,0.2,-0.06,0.09,0.0,0.07,0.1,-0.32,0.0,14.53,-1.37,15.68,0.0,0.0,0.0,2.75,4.59,0.0,2.83,-3.76,0.0,0.0,-0.22,0.0,0.0,1228.96,1228.96,2.68,0.0,2.68,0.14,5.58,0.0,0.0,0.0,0.0,-0.22,27.5,-2.87,-2.87,-2.87,-2.87,0.0,0.0,0.0,0.0,0.0,0.0,0.0,0.0,0.0,569200.0,73.7851,84.0,0.0109,0.0,0.0,90.0,0.0117,0.0,0.0,55420.0,0.0,0.0,0.0,0.0,0.0,146719.0,26.1923,716009.0,73.80770000000001
11,2020-12,2020,Dec2020,Alfred Herbert,Alfred Herbert (India) Ltd,505216,INE782D01027,X,Small Cap,Y,N,123.2,00000026,Finance,00000050,Finance & Investments,Company,ALFREDHE,Active,Delisted,ALFREDHERB,Y,Nutral,0,Dec2020,0,0,0.0,0.0,0.0,0.0,0.0,0.0,0.0,0.0,0.0,0.0,0.0,0.0,0.0,0.0,0.0,0.0,0.0,0.0,0.0,0.0,0.0,0.0,0.0,0.0,0.0,0.0,0.0,0.0,0.0,0.0,0.0,0.0,0.0,0.0,0.0,0.0,0.0,0.0,0.0,0.0,0.0,0.0,0.0,0.0,0.0,0.0,0.0,0.0,0.0,0.0,0.0,0.0,0.0,0.0,0.0,0.0,0.0,0.0,0.0,0.0,569198.0,73.7849,84.0,0.0109,0.0,0.0,90.0,0.0117,0.0,0.0,54043.0,0.0,0.0,0.0,0.0,0.0,148098.0,26.1926,717386.0,73.8075
11,2020-09,2020,Sep2020,Alfred Herbert,Alfred Herbert (India) Ltd,505216,INE782D01027,X,Small Cap,Y,N,123.2,00000026,Finance,00000050,Finance & Investments,Company,ALFREDHE,Active,Delisted,ALFREDHERB,Y,Nutral,0,Sep2020,0,0,0.0,0.0,0.0,0.0,0.0,0.0,0.0,0.0,0.0,0.0,0.0,0.0,0.0,0.0,0.0,0.0,0.0,0.0,0.0,0.0,0.0,0.0,0.0,0.0,0.0,0.0,0.0,0.0,0.0,0.0,0.0,0.0,0.0,0.0,0.0,0.0,0.0,0.0,0.0,0.0,0.0,0.0,0.0,0.0,0.0,0.0,0.0,0.0,0.0,0.0,0.0,0.0,0.0,0.0,0.0,0.0,0.0,0.0,0.0,0.0,569197.0,73.7848,84.0,0.0109,0.0,0.0,90.0,0.0117,0.0,0.0,53414.0,0.0,0.0,0.0,0.0,0.0,148728.0,26.1927,718015.0,73.80740000000002
11,2020-06,2020,Jun2020,Alfred Herbert,Alfred Herbert (India) Ltd,505216,INE782D01027,X,Small Cap,Y,N,123.2,00000026,Finance,00000050,Finance & Investments,Company,ALFREDHE,Active,Delisted,ALFREDHERB,Y,Nutral,0,Jun2020,0,0,0.0,0.0,0.0,0.0,0.0,0.0,0.0,0.0,0.0,0.0,0.0,0.0,0.0,0.0,0.0,0.0,0.0,0.0,0.0,0.0,0.0,0.0,0.0,0.0,0.0,0.0,0.0,0.0,0.0,0.0,0.0,0.0,0.0,0.0,0.0,0.0,0.0,0.0,0.0,0.0,0.0,0.0,0.0,0.0,0.0,0.0,0.0,0.0,0.0,0.0,0.0,0.0,0.0,0.0,0.0,0.0,0.0,0.0,0.0,0.0,569194.0,73.7844,0.0,0.0,0.0,0.0,90.0,0.0117,0.0,0.0,47723.0,0.0,0.0,0.0,0.0,0.0,154422.0,26.204,723706.0,73.79610000000001
11,2020-03,2020,Mar2020,Alfred Herbert,Alfred Herbert (India) Ltd,505216,INE782D01027,X,Small Cap,Y,N,123.2,00000026,Finance,00000050,Finance & Investments,Company,ALFREDHE,Active,Delisted,ALFREDHERB,Y,Nutral,S,Mar2020,00000026,00000050,0.0,2.82,0.39,3.21,0.0,0.43,0.98,0.06,0.49,1.96,0.16,1.09,0.0,0.0,0.23,0.0,0.86,-0.04,6.54,-7.47,14.66,0.0,0.0,35.0,3.5,0.0,2.82,0.6,0.0,0.0,0.0,0.86,11.09,11.09,942.48,942.48,2.82,0.0,2.82,1.25,0.0,0.0,0.0,0.0,0.0,0.0,0.0,0.0,0.0,0.0,0.0,0.0,0.0,0.0,0.0,0.0,0.0,0.0,0.0,0.0,569194.0,73.7844,0.0,0.0,0.0,0.0,90.0,0.0117,0.0,0.0,47267.0,0.0,0.0,0.0,0.0,0.0,154878.0,26.204,724162.0,73.79610000000001
11,2020-03,2020,Mar2020,Alfred Herbert,Alfred Herbert (India) Ltd,505216,INE782D01027,X,Small Cap,Y,N,123.2,00000026,Finance,00000050,Finance & Investments,Company,ALFREDHE,Active,Delisted,ALFREDHERB,Y,Nutral,C,Mar2020,00000026,00000050,0.0,12.31,0.41,12.72,0.0,0.0,0.27,0.17,2.55,11.25,0.25,1.21,0.0,0.0,0.29,0.0,0.92,-0.04,6.43,-7.42,14.53,0.0,0.0,0.0,3.5,0.07,3.07,10.21,0.94,0.0,0.0,0.92,0.0,0.0,1004.5,1004.5,12.24,0.0,12.24,1.46,8.26,0.0,0.0,0.0,0.0,0.92,35.0,11.87,11.87,11.87,11.87,0.0,0.0,0.0,0.0,0.0,0.0,0.0,0.0,0.0,569194.0,73.7844,0.0,0.0,0.0,0.0,90.0,0.0117,0.0,0.0,47267.0,0.0,0.0,0.0,0.0,0.0,154878.0,26.204,724162.0,73.79610000000001
11,2019-12,2019,Dec2019,Alfred Herbert,Alfred Herbert (India) Ltd,505216,INE782D01027,X,Small Cap,Y,N,123.2,00000026,Finance,00000050,Finance & Investments,Company,ALFREDHE,Active,Delisted,ALFREDHERB,Y,Nutral,0,Dec2019,0,0,0.0,0.0,0.0,0.0,0.0,0.0,0.0,0.0,0.0,0.0,0.0,0.0,0.0,0.0,0.0,0.0,0.0,0.0,0.0,0.0,0.0,0.0,0.0,0.0,0.0,0.0,0.0,0.0,0.0,0.0,0.0,0.0,0.0,0.0,0.0,0.0,0.0,0.0,0.0,0.0,0.0,0.0,0.0,0.0,0.0,0.0,0.0,0.0,0.0,0.0,0.0,0.0,0.0,0.0,0.0,0.0,0.0,0.0,0.0,0.0,569194.0,73.7844,0.0,0.0,0.0,0.0,90.0,0.0117,0.0,0.0,47040.0,0.0,0.0,0.0,0.0,0.0,155105.0,26.204,724389.0,73.79610000000001
11,2019-09,2019,Sep2019,Alfred Herbert,Alfred Herbert (India) Ltd,505216,INE782D01027,X,Small Cap,Y,N,123.2,00000026,Finance,00000050,Finance & Investments,Company,ALFREDHE,Active,Delisted,ALFREDHERB,Y,Nutral,0,Sep2019,0,0,0.0,0.0,0.0,0.0,0.0,0.0,0.0,0.0,0.0,0.0,0.0,0.0,0.0,0.0,0.0,0.0,0.0,0.0,0.0,0.0,0.0,0.0,0.0,0.0,0.0,0.0,0.0,0.0,0.0,0.0,0.0,0.0,0.0,0.0,0.0,0.0,0.0,0.0,0.0,0.0,0.0,0.0,0.0,0.0,0.0,0.0,0.0,0.0,0.0,0.0,0.0,0.0,0.0,0.0,0.0,0.0,0.0,0.0,0.0,0.0,569194.0,73.7844,0.0,0.0,0.0,0.0,90.0,0.0117,0.0,0.0,43881.0,0.0,0.0,0.0,0.0,0.0,158264.0,26.204,727548.0,73.79610000000001
11,2019-06,2019,Jun2019,Alfred Herbert,Alfred Herbert (India) Ltd,505216,INE782D01027,X,Small Cap,Y,N,123.2,00000026,Finance,00000050,Finance & Investments,Company,ALFREDHE,Active,Delisted,ALFREDHERB,Y,Nutral,0,Jun2019,0,0,0.0,0.0,0.0,0.0,0.0,0.0,0.0,0.0,0.0,0.0,0.0,0.0,0.0,0.0,0.0,0.0,0.0,0.0,0.0,0.0,0.0,0.0,0.0,0.0,0.0,0.0,0.0,0.0,0.0,0.0,0.0,0.0,0.0,0.0,0.0,0.0,0.0,0.0,0.0,0.0,0.0,0.0,0.0,0.0,0.0,0.0,0.0,0.0,0.0,0.0,0.0,0.0,0.0,0.0,0.0,0.0,0.0,0.0,0.0,0.0,569194.0,73.7844,0.0,0.0,0.0,0.0,90.0,0.0117,0.0,0.0,42956.0,0.0,0.0,0.0,0.0,0.0,159189.0,26.204,728473.0,73.79610000000001
11,2019-03,2019,Mar2019,Alfred Herbert,Alfred Herbert (India) Ltd,505216,INE782D01027,X,Small Cap,Y,N,123.2,00000026,Finance,00000050,Finance & Investments,Company,ALFREDHE,Active,Delisted,ALFREDHERB,Y,Nutral,S,Mar2019,00000026,00000050,0.0,2.94,1.34,4.28,0.0,0.49999999999999994,0.13,0.01,0.43,1.0699999999999998,0.04,3.18,0.3,0.0,-0.17,0.0,3.05,-0.04,11.81,7.69,6.53,0.0,0.0,25.0,2.5,0.0,2.94,0.52,0.0,0.0,0.0,3.05,39.5,39.5,962.57,962.57,2.94,0.0,2.94,3.22,0.0,0.0,0.0,0.0,0.0,0.0,0.0,0.0,0.0,0.0,0.0,0.0,0.0,0.0,0.0,0.0,0.0,0.0,0.0,0.0,0.0,0.0,0.0,0.0,0.0,0.0,0.0,0.0,0.0,0.0,0.0,0.0,0.0,0.0,0.0,0.0,0.0,0.0,0.0,0.0
11,2019-03,2019,Mar2019,Alfred Herbert,Alfred Herbert (India) Ltd,505216,INE782D01027,X,Small Cap,Y,N,123.2,00000026,Finance,00000050,Finance & Investments,Company,ALFREDHE,Active,Delisted,ALFREDHERB,Y,Nutral,C,Mar2019,00000026,00000050,0.0,13.16,0.84,14.0,0.0,0.0,0.33,0.16,2.78,11.18,0.18,2.6399999999999997,0.41,0.0,-0.13,0.0,2.36,-0.04,11.89,7.11,6.43,0.0,0.0,0.0,2.5,9.96,3.2,9.459999999999999,0.27,0.0,0.0,2.36,0.0,0.0,1037.83,1037.83,3.2,0.0,3.2,2.82,7.91,0.0,0.0,0.0,0.0,2.36,25.0,30.64,30.64,30.64,30.64,0.0,0.0,0.0,0.0,0.0,0.0,0.0,0.0,0.0,0.0,0.0,0.0,0.0,0.0,0.0,0.0,0.0,0.0,0.0,0.0,0.0,0.0,0.0,0.0,0.0,0.0,0.0,0.0,0.0
11,2018-03,2018,Mar2018,Alfred Herbert,Alfred Herbert (India) Ltd,505216,INE782D01027,X,Small Cap,Y,N,123.2,00000026,Finance,00000050,Finance & Investments,Company,ALFREDHE,Active,Delisted,ALFREDHERB,Y,Nutral,S,Mar2018,00000026,00000050,0.0,2.65,0.0,2.65,0.0,0.56,0.56,0.0,0.38,1.5,0.09,1.0599999999999998,0.01,0.0,-0.14,0.0,1.19,0.15,14.06,0.68,14.73,0.1928573,0.0,25.0,2.5,1.16,1.49,0.53,0.0,0.0,0.0,1.19,15.42,15.42,625.17,625.17,1.49,0.0,1.49,1.15,0.0,0.0,0.0,0.0,0.0,0.0,0.0,0.0,0.0,0.0,0.0,0.0,0.0,0.0,0.0,0.0,0.0,0.0,0.0,0.0,0.0,0.0,0.0,0.0,0.0,0.0,0.0,0.0,0.0,0.0,0.0,0.0,0.0,0.0,0.0,0.0,0.0,0.0,0.0,0.0
11,2018-03,2018,Mar2018,Alfred Herbert,Alfred Herbert (India) Ltd,505216,INE782D01027,X,Small Cap,Y,N,123.2,00000026,Finance,00000050,Finance & Investments,Company,ALFREDHE,Active,Delisted,ALFREDHERB,Y,Nutral,C,Mar2018,00000026,00000050,0.0,14.73,0.02,14.75,0.0,0.0,1.36,0.23,3.0,15.469999999999999,0.24,-0.96,0.01,0.0,-0.19,0.0,-0.77,0.15,12.38,0.69,11.07,0.1928573,0.0,0.0,2.5,13.18,1.55,12.11,-0.03,0.0,0.0,-0.77,0.0,0.0,586.44,586.44,1.55,0.0,1.55,-0.72,10.879999999999999,0.0,0.0,0.0,0.0,-0.77,25.0,0.0,0.0,0.0,0.0,0.0,0.0,0.0,0.0,0.0,0.0,0.0,0.0,0.0,0.0,0.0,0.0,0.0,0.0,0.0,0.0,0.0,0.0,0.0,0.0,0.0,0.0,0.0,0.0,0.0,0.0,0.0,0.0,0.0
11,2017-03,2017,Mar2017,Alfred Herbert,Alfred Herbert (India) Ltd,505216,INE782D01027,X,Small Cap,Y,N,123.2,00000026,Finance,00000050,Finance & Investments,Company,ALFREDHE,Active,Delisted,ALFREDHERB,Y,Nutral,S,Mar2017,00000026,00000050,0.0,2.07,20.91,22.98,0.0,0.6799999999999999,0.39,0.0,0.48,1.5499999999999998,0.09,21.35,4.38,0.0,0.1,16.52,0.3500000000000014,0.0,4.62,7.42,14.06,0.1542858,0.0,20.0,2.0,0.99,1.07,0.7,0.0,0.0,0.0,16.87,218.65,218.65,612.16,612.16,1.07,0.0,1.07,21.44,0.0,0.0,0.0,0.0,0.0,0.0,0.0,0.0,0.0,0.0,0.0,0.0,0.0,0.0,0.0,0.0,0.0,0.0,0.0,0.0,0.0,0.0,0.0,0.0,0.0,0.0,0.0,0.0,0.0,0.0,0.0,0.0,0.0,0.0,0.0,0.0,0.0,0.0,0.0,0.0
11,2017-03,2017,Mar2017,Alfred Herbert,Alfred Herbert (India) Ltd,505216,INE782D01027,X,Small Cap,Y,N,123.2,00000026,Finance,00000050,Finance & Investments,Company,ALFREDHE,Active,Delisted,ALFREDHERB,Y,Nutral,C,Mar2017,00000026,00000050,0.0,12.65,20.91,33.56,0.0,0.0,0.54,0.3,3.28,14.299999999999999,0.22,19.040000000000003,4.38,0.0,0.19,16.28,-1.8100000000000005,0.0,5.33,7.43,12.38,0.1542858,0.0,0.0,2.0,11.48,1.17,10.53,-0.02,0.0,0.0,14.47,0.0,0.0,598.82,598.82,1.17,0.0,1.17,19.26,10.18,0.0,0.0,0.0,0.0,14.47,20.0,187.62,187.62,187.62,187.62,0.0,0.0,0.0,0.0,0.0,0.0,0.0,0.0,0.0,0.0,0.0,0.0,0.0,0.0,0.0,0.0,0.0,0.0,0.0,0.0,0.0,0.0,0.0,0.0,0.0,0.0,0.0,0.0,0.0
11,2016-03,2016,Mar2016,Alfred Herbert,Alfred Herbert (India) Ltd,505216,INE782D01027,X,Small Cap,Y,N,123.2,00000026,Finance,00000050,Finance & Investments,Company,ALFREDHE,Active,Delisted,ALFREDHERB,Y,Nutral,S,Mar2016,00000026,00000050,0.0,2.01,0.0,2.01,0.0,0.6799999999999999,0.07,0.0,0.32,1.07,0.08,0.8500000000000001,-0.22,0.0,0.01,0.0,1.05,0.0,4.04,0.48,4.62,0.15,0.0,20.0,2.0,1.03,0.98,0.5,0.0,0.0,0.0,1.05,13.57,13.57,393.5,393.5,0.98,0.0,0.98,0.93,0.0,0.0,0.0,0.0,0.0,0.0,0.0,0.0,0.0,0.0,0.0,0.0,0.0,0.0,0.0,0.0,0.0,0.0,0.0,0.0,0.0,0.0,0.0,0.0,0.0,0.0,0.0,0.0,0.0,0.0,0.0,0.0,0.0,0.0,0.0,0.0,0.0,0.0,0.0,0.0
11,2016-03,2016,Mar2016,Alfred Herbert,Alfred Herbert (India) Ltd,505216,INE782D01027,X,Small Cap,Y,N,123.2,00000026,Finance,00000050,Finance & Investments,Company,ALFREDHE,Active,Delisted,ALFREDHERB,Y,Nutral,C,Mar2016,00000026,00000050,0.0,20.27,0.0,20.27,0.0,0.0,0.31,0.29,3.32,19.049999999999997,0.14,1.08,-0.18,0.0,0.06,0.0,1.2,0.0,4.62,0.49,5.33,0.15,0.0,0.0,2.0,19.21,1.05,15.81,0.91,0.0,0.0,1.2,0.0,0.0,411.2,411.2,1.05,0.0,1.05,1.22,15.129999999999999,0.0,0.0,0.0,0.0,1.2,20.0,15.15,15.15,15.15,15.15,0.0,0.0,0.0,0.0,0.0,0.0,0.0,0.0,0.0,0.0,0.0,0.0,0.0,0.0,0.0,0.0,0.0,0.0,0.0,0.0,0.0,0.0,0.0,0.0,0.0,0.0,0.0,0.0,0.0
11,2015-03,2015,Mar2015,Alfred Herbert,Alfred Herbert (India) Ltd,505216,INE782D01027,X,Small Cap,Y,N,123.2,00000026,Finance,00000050,Finance & Investments,Company,ALFREDHE,Active,Delisted,ALFREDHERB,Y,Nutral,S,Mar2015,00000026,00000050,0.0,2.01,0.0,2.01,0.0,0.7899999999999999,0.06,0.0,0.25,1.0999999999999999,0.09,0.81,0.0,0.0,0.02,0.0,0.79,0.0,3.65,0.4,4.04,0.15,0.0,20.0,2.0,1.04,0.97,0.6,0.0,0.0,0.0,0.79,10.28,10.28,382.34,382.34,0.97,0.0,0.97,0.9,0.0,0.0,0.0,0.0,0.0,0.0,0.0,0.0,0.0,0.0,0.0,0.0,0.0,0.0,0.0,0.0,0.0,0.0,0.0,0.0,0.0,0.0,0.0,0.0,0.0,0.0,0.0,0.0,0.0,0.0,0.0,0.0,0.0,0.0,0.0,0.0,0.0,0.0,0.0,0.0
11,2015-03,2015,Mar2015,Alfred Herbert,Alfred Herbert (India) Ltd,505216,INE782D01027,X,Small Cap,Y,N,123.2,00000026,Finance,00000050,Finance & Investments,Company,ALFREDHE,Active,Delisted,ALFREDHERB,Y,Nutral,C,Mar2015,00000026,00000050,0.0,14.94,0.0,14.94,0.0,0.0,0.68,0.1,3.22,16.04,0.14,-1.23,0.0,0.0,-0.03,0.0,-1.2,0.0,6.3,0.41,4.69,0.15,0.0,0.0,2.0,13.86,1.09,12.58,-0.15,0.0,0.0,-1.2,0.0,0.0,398.05,398.05,1.09,0.0,1.09,-1.09,12.04,0.0,0.0,0.0,0.0,-1.2,20.0,0.0,0.0,0.0,0.0,0.0,0.0,0.0,0.0,0.0,0.0,0.0,0.0,0.0,0.0,0.0,0.0,0.0,0.0,0.0,0.0,0.0,0.0,0.0,0.0,0.0,0.0,0.0,0.0,0.0,0.0,0.0,0.0,0.0
11,2014-03,2014,Mar2014,Alfred Herbert,Alfred Herbert (India) Ltd,505216,INE782D01027,X,Small Cap,Y,N,123.2,00000026,Finance,00000050,Finance & Investments,Company,ALFREDHE,Active,Delisted,ALFREDHERB,Y,Nutral,S,Mar2014,00000026,00000050,0.0,2.28,0.02,2.3,0.0,0.85,0.07,0.0,0.2,1.1199999999999999,0.08,1.1099999999999999,0.02,0.0,0.02,0.0,1.07,0.0,3.05,0.48,3.65,0.15,0.0,20.0,2.0,0.96,1.32,0.6799999999999999,0.0,0.0,0.0,1.07,13.89,13.89,374.59,374.59,1.32,0.0,1.32,1.19,0.0,0.0,0.0,0.0,0.0,0.0,0.0,0.0,0.0,0.0,0.0,0.0,0.0,0.0,0.0,0.0,0.0,0.0,0.0,0.0,0.0,0.0,0.0,0.0,0.0,0.0,0.0,0.0,0.0,0.0,0.0,0.0,0.0,0.0,0.0,0.0,0.0,0.0,0.0,0.0
11,2014-03,2014,Mar2014,Alfred Herbert,Alfred Herbert (India) Ltd,505216,INE782D01027,X,Small Cap,Y,N,123.2,00000026,Finance,00000050,Finance & Investments,Company,ALFREDHE,Active,Delisted,ALFREDHERB,Y,Nutral,C,Mar2014,00000026,00000050,0.0,19.87,0.07,19.94,0.0,0.0,0.43,0.04,3.03,18.52,0.15,1.27,0.04,0.0,0.06,0.0,1.17,0.0,5.62,0.49,6.3,0.15,0.0,0.0,2.0,18.34,1.53,13.78,-1.45,0.0,0.0,1.17,0.0,0.0,417.0,417.0,1.53,0.0,1.53,1.42,15.02,0.0,0.0,0.0,0.0,1.17,20.0,14.81,14.81,14.81,14.81,0.0,0.0,0.0,0.0,0.0,0.0,0.0,0.0,0.0,0.0,0.0,0.0,0.0,0.0,0.0,0.0,0.0,0.0,0.0,0.0,0.0,0.0,0.0,0.0,0.0,0.0,0.0,0.0,0.0
11,2013-03,2013,Mar2013,Alfred Herbert,Alfred Herbert (India) Ltd,505216,INE782D01027,X,Small Cap,Y,N,123.2,00000026,Finance,00000050,Finance & Investments,Company,ALFREDHE,Active,Delisted,ALFREDHERB,Y,Nutral,S,Mar2013,00000026,00000050,0.0,2.15,2.23,4.38,0.0,0.6300000000000001,1.1,0.0,0.19,1.9200000000000002,0.08,2.39,0.0,0.0,0.02,1.2,1.1700000000000002,0.0,1.52,0.83,3.05,0.15,0.0,20.0,2.0,0.9,1.26,0.42,0.0,0.0,0.0,2.37,30.72,30.72,363.04,363.04,1.26,0.0,1.26,2.47,0.0,0.0,0.0,0.0,0.0,0.0,0.0,0.0,0.0,0.0,0.0,0.0,0.0,0.0,0.0,0.0,0.0,0.0,0.0,0.0,0.0,0.0,0.0,0.0,0.0,0.0,0.0,0.0,0.0,0.0,0.0,0.0,0.0,0.0,0.0,0.0,0.0,0.0,0.0,0.0
11,2013-03,2013,Mar2013,Alfred Herbert,Alfred Herbert (India) Ltd,505216,INE782D01027,X,Small Cap,Y,N,123.2,00000026,Finance,00000050,Finance & Investments,Company,ALFREDHE,Active,Delisted,ALFREDHERB,Y,Nutral,C,Mar2013,00000026,00000050,0.0,13.59,2.27,15.86,0.0,0.0,1.4,0.03,3.18,14.9,0.19,0.77,0.0,0.0,-0.04,1.21,-0.3999999999999999,0.0,5.65,0.85,5.62,0.15,0.0,0.0,2.0,12.229999999999999,1.36,11.76,0.78,0.0,0.0,0.81,0.0,0.0,404.19,404.19,1.36,0.0,1.36,0.96,10.290000000000001,0.0,0.0,0.0,0.0,0.81,20.0,10.15,10.15,10.15,10.15,0.0,0.0,0.0,0.0,0.0,0.0,0.0,0.0,0.0,0.0,0.0,0.0,0.0,0.0,0.0,0.0,0.0,0.0,0.0,0.0,0.0,0.0,0.0,0.0,0.0,0.0,0.0,0.0,0.0
11,2012-03,2012,Mar2012,Alfred Herbert,Alfred Herbert (India) Ltd,505216,INE782D01027,X,Small Cap,Y,N,123.2,00000026,Finance,00000050,Finance & Investments,Company,ALFREDHE,Active,Delisted,ALFREDHERB,Y,Nutral,S,Mar2012,00000026,00000050,0.0,1.86,0.03,1.8900000000000001,0.0,0.6399999999999999,0.08,0.0,0.16,0.8799999999999999,0.08,0.93,0.0,0.0,0.02,0.0,0.91,0.0,1.04,0.43,1.52,0.15,0.0,20.0,2.0,0.61,1.25,0.43999999999999995,0.0,0.0,0.0,0.91,11.82,11.82,342.34,342.34,1.25,0.0,1.25,1.01,0.0,0.0,0.0,0.0,0.0,0.0,0.0,0.0,0.0,0.0,0.0,0.0,0.0,0.0,0.0,0.0,0.0,0.0,0.0,0.0,0.0,0.0,0.0,0.0,0.0,0.0,0.0,0.0,0.0,0.0,0.0,0.0,0.0,0.0,0.0,0.0,0.0,0.0,0.0,0.0
11,2012-03,2012,Mar2012,Alfred Herbert,Alfred Herbert (India) Ltd,505216,INE782D01027,X,Small Cap,Y,N,123.2,00000026,Finance,00000050,Finance & Investments,Company,ALFREDHE,Active,Delisted,ALFREDHERB,Y,Nutral,C,Mar2012,00000026,00000050,0.0,16.12,0.04,16.16,0.0,0.0,0.92,0.07,3.47,15.360000000000001,0.21,0.5900000000000001,0.01,0.0,-0.02,0.0,0.6,0.0,5.5,0.45,5.65,0.15,0.0,0.0,2.0,14.549999999999999,1.57,13.760000000000002,0.5,0.0,0.0,0.6,0.0,0.0,403.9,403.9,1.57,0.0,1.57,0.8,10.9,0.0,0.0,0.0,0.0,0.6,20.0,7.4,7.4,7.4,7.4,0.0,0.0,0.0,0.0,0.0,0.0,0.0,0.0,0.0,0.0,0.0,0.0,0.0,0.0,0.0,0.0,0.0,0.0,0.0,0.0,0.0,0.0,0.0,0.0,0.0,0.0,0.0,0.0,0.0
11,2011-03,2011,Mar2011,Alfred Herbert,Alfred Herbert (India) Ltd,505216,INE782D01027,X,Small Cap,Y,N,123.2,00000026,Finance,00000050,Finance & Investments,Company,ALFREDHE,Active,Delisted,ALFREDHERB,Y,Nutral,S,Mar2011,00000026,00000050,0.0,1.66,0.01,1.67,0.0,0.8500000000000001,0.08,0.0,0.16,1.09,0.08,0.49999999999999994,0.0,0.0,0.02,0.0,0.48,0.0,0.91,0.15,1.24,0.15,0.0,20.0,2.0,0.5,1.16,0.6,0.0,0.0,0.0,0.48,6.23,6.23,333.12,333.12,1.16,0.0,1.16,0.58,0.0,0.0,0.0,0.0,0.0,0.0,0.0,0.0,0.0,0.0,0.0,0.0,0.0,0.0,0.0,0.0,0.0,0.0,0.0,0.0,0.0,0.0,0.0,0.0,0.0,0.0,0.0,0.0,0.0,0.0,0.0,0.0,0.0,0.0,0.0,0.0,0.0,0.0,0.0,0.0
11,2011-03,2011,Mar2011,Alfred Herbert,Alfred Herbert (India) Ltd,505216,INE782D01027,X,Small Cap,Y,N,123.2,00000026,Finance,00000050,Finance & Investments,Company,ALFREDHE,Active,Delisted,ALFREDHERB,Y,Nutral,C,Mar2011,00000026,00000050,0.0,28.54,0.1,28.64,0.0,0.0,3.15,0.01,3.71,24.4,0.21,4.03,0.73,0.0,-0.02,-0.17,3.4899999999999998,0.0,2.97,0.79,5.5,0.34,0.0,0.0,2.0,27.29,1.25,18.51,-0.82,0.0,0.0,3.32,0.0,0.0,398.7,398.7,1.25,0.0,1.25,4.24,17.529999999999998,0.0,0.0,0.0,0.0,3.32,20.0,42.73,42.73,42.73,42.73,0.0,0.0,0.0,0.0,0.0,0.0,0.0,0.0,0.0,0.0,0.0,0.0,0.0,0.0,0.0,0.0,0.0,0.0,0.0,0.0,0.0,0.0,0.0,0.0,0.0,0.0,0.0,0.0,0.0
55,2024-06,2024,Jun2024,Balkrishna Inds,Balkrishna Industries Ltd,502355,INE787D01026,A,Mid Cap,Y,Y,57953.59,00000065,Tyres,00000105,Tyres,Company,BALKRISIND,Active,Active,BALKRISIND,Y,Consistently profitable Company,0,Jun2024,0,0,0.0,0.0,0.0,0.0,0.0,0.0,0.0,0.0,0.0,0.0,0.0,0.0,0.0,0.0,0.0,0.0,0.0,0.0,0.0,0.0,0.0,0.0,0.0,0.0,0.0,0.0,0.0,0.0,0.0,0.0,0.0,0.0,0.0,0.0,0.0,0.0,0.0,0.0,0.0,0.0,0.0,0.0,0.0,0.0,0.0,0.0,0.0,0.0,0.0,0.0,0.0,0.0,0.0,0.0,0.0,0.0,0.0,0.0,0.0,0.0,112690200.0,58.2929,13188.0,0.0068,0.0,0.0,4000.0,0.0021,24377438.0,12.6101,3778819.0,0.6748,13917561.0,7.1993,28143157.0,14.558,10406015.0,6.656,189538371.0,65.5011
55,2024-03,2024,Mar2024,Balkrishna Inds,Balkrishna Industries Ltd,502355,INE787D01026,A,Mid Cap,Y,Y,57953.59,00000065,Tyres,00000105,Tyres,Company,BALKRISIND,Active,Active,BALKRISIND,Y,Consistently profitable Company,S,Mar2024,00000065,00000105,0.0,9298.7,447.91,9793.5,0.0,0.0,58.46,109.51,441.25,7141.12,643.78,1899.09,402.0,0.0,59.48,161.14,1276.4699999999998,0.0,2790.71,709.3,3519.02,231.98,0.0,800.0,16.0,64.49,0.0,5908.669999999999,46.89,493.23,0.0,1437.61,74.37,74.37,458.45,458.45,9234.21,0.0,0.0,2542.87,0.0,0.0,0.0,0.0,0.0,0.0,0.0,0.0,0.0,0.0,0.0,9298.7,0.0,46.89,4521.28,315.02,631.12,1173.99,0.0,2652.38,112690200.0,58.2929,14224.0,0.0074,0.0,0.0,10512.0,0.0054,23665872.0,12.242,3986584.0,0.7023,13029828.0,6.7401,28276304.0,14.6269,11657890.0,7.383,189330606.0,65.0458
55,2024-03,2024,Mar2024,Balkrishna Inds,Balkrishna Industries Ltd,502355,INE787D01026,A,Mid Cap,Y,Y,57953.59,00000065,Tyres,00000105,Tyres,Company,BALKRISIND,Active,Active,BALKRISIND,Y,Consistently profitable Company,C,Mar2024,00000065,00000105,0.0,9368.87,449.22,9850.97,0.0,0.0,68.03,113.45,499.51,7145.8,650.72,1940.9999999999998,411.05,0.0,58.46,31.18,1440.31,0.0,2810.38,709.3,3572.57,231.98,0.0,0.0,16.0,64.5,0.0,5971.17,32.88,382.11,0.0,1471.49,0.0,0.0,458.04,458.04,9304.37,0.0,0.0,2591.72,0.0,0.0,0.0,0.0,0.0,1471.49,800.0,76.12,76.12,76.12,76.12,9368.87,0.0,32.88,4524.3,315.02,632.34,1106.6,0.0,2705.1699999999996,112690200.0,58.2929,14224.0,0.0074,0.0,0.0,10512.0,0.0054,23665872.0,12.242,3986584.0,0.7023,13029828.0,6.7401,28276304.0,14.6269,11657890.0,7.383,189330606.0,65.0458
55,2023-12,2023,Dec2023,Balkrishna Inds,Balkrishna Industries Ltd,502355,INE787D01026,A,Mid Cap,Y,Y,57953.59,00000065,Tyres,00000105,Tyres,Company,BALKRISIND,Active,Active,BALKRISIND,Y,Consistently profitable Company,0,Dec2023,0,0,0.0,0.0,0.0,0.0,0.0,0.0,0.0,0.0,0.0,0.0,0.0,0.0,0.0,0.0,0.0,0.0,0.0,0.0,0.0,0.0,0.0,0.0,0.0,0.0,0.0,0.0,0.0,0.0,0.0,0.0,0.0,0.0,0.0,0.0,0.0,0.0,0.0,0.0,0.0,0.0,0.0,0.0,0.0,0.0,0.0,0.0,0.0,0.0,0.0,0.0,0.0,0.0,0.0,0.0,0.0,0.0,0.0,0.0,0.0,0.0,112690200.0,58.2929,84.0,0.0,0.0,0.0,175150.0,0.0906,24523525.0,12.6857,4281247.0,0.7115,12782738.0,6.6123,27082559.0,14.0094,11781771.0,7.5977,189035943.0,64.9958
55,2023-09,2023,Sep2023,Balkrishna Inds,Balkrishna Industries Ltd,502355,INE787D01026,A,Mid Cap,Y,Y,57953.59,00000065,Tyres,00000105,Tyres,Company,BALKRISIND,Active,Active,BALKRISIND,Y,Consistently profitable Company,0,Sep2023,0,0,0.0,0.0,0.0,0.0,0.0,0.0,0.0,0.0,0.0,0.0,0.0,0.0,0.0,0.0,0.0,0.0,0.0,0.0,0.0,0.0,0.0,0.0,0.0,0.0,0.0,0.0,0.0,0.0,0.0,0.0,0.0,0.0,0.0,0.0,0.0,0.0,0.0,0.0,0.0,0.0,0.0,0.0,0.0,0.0,0.0,0.0,0.0,0.0,0.0,0.0,0.0,0.0,0.0,0.0,0.0,0.0,0.0,0.0,0.0,0.0,112690200.0,58.2929,70.0,0.0,0.0,0.0,83700.0,0.0433,24232591.0,12.5352,4615221.0,0.771,14979094.0,7.7485,24482919.0,12.6646,12233465.0,7.9445,188701969.0,66.0847
55,2023-06,2023,Jun2023,Balkrishna Inds,Balkrishna Industries Ltd,502355,INE787D01026,A,Mid Cap,Y,Y,57953.59,00000065,Tyres,00000105,Tyres,Company,BALKRISIND,Active,Active,BALKRISIND,Y,Consistently profitable Company,0,Jun2023,0,0,0.0,0.0,0.0,0.0,0.0,0.0,0.0,0.0,0.0,0.0,0.0,0.0,0.0,0.0,0.0,0.0,0.0,0.0,0.0,0.0,0.0,0.0,0.0,0.0,0.0,0.0,0.0,0.0,0.0,0.0,0.0,0.0,0.0,0.0,0.0,0.0,0.0,0.0,0.0,0.0,0.0,0.0,0.0,0.0,0.0,0.0,0.0,0.0,0.0,0.0,0.0,0.0,0.0,0.0,0.0,0.0,0.0,0.0,0.0,0.0,112690200.0,58.2929,0.0,0.0,0.0,0.0,0.0,0.0,23987180.0,12.4082,5049907.0,0.8435,15014228.0,7.7666,23949187.0,12.3885,12626488.0,8.3001,188267283.0,66.0595
55,2023-03,2023,Mar2023,Balkrishna Inds,Balkrishna Industries Ltd,502355,INE787D01026,A,Mid Cap,Y,Y,57953.59,00000065,Tyres,00000105,Tyres,Company,BALKRISIND,Active,Active,BALKRISIND,Y,Consistently profitable Company,S,Mar2023,00000065,00000105,0.0,9810.52,337.79,10101.12,0.0,0.0,61.85,45.92,404.16,8047.41,556.63,1451.1599999999999,346.82,0.0,25.63,45.82,1032.89,0.0,2421.3,709.3,2790.71,231.98,0.0,800.0,16.0,113.4,0.0,6187.22,-47.19,497.58,0.0,1078.71,55.8,55.8,392.61,392.61,9697.12,0.0,0.0,2007.79,0.0,0.0,0.0,0.0,0.0,0.0,0.0,0.0,0.0,0.0,0.0,9810.52,0.0,-47.19,4908.57,348.56,525.93,1798.34,0.0,2053.71,112690200.0,58.2929,0.0,0.0,0.0,0.0,346556.0,0.1793,24022045.0,12.4262,4995842.0,0.8271,15324079.0,7.9269,21970533.0,11.365,13967935.0,8.9824,188321348.0,66.3991
55,2023-03,2023,Mar2023,Balkrishna Inds,Balkrishna Industries Ltd,502355,INE787D01026,A,Mid Cap,Y,Y,57953.59,00000065,Tyres,00000105,Tyres,Company,BALKRISIND,Active,Active,BALKRISIND,Y,Consistently profitable Company,C,Mar2023,00000065,00000105,0.0,9759.53,346.53,10101.19,0.0,0.0,69.2,48.32,459.43,8047.2699999999995,570.81,1434.79,351.47,0.0,25.92,58.44,998.96,0.0,2462.29,709.31,2810.38,231.98,0.0,0.0,16.0,113.37,0.0,6245.13,-4.87,391.18,0.0,1057.4,0.0,0.0,390.94,390.94,9646.16,0.0,0.0,2005.6,0.0,0.0,0.0,0.0,0.0,1057.4,800.0,54.7,54.7,54.7,54.7,9759.53,0.0,-4.87,4910.44,348.56,526.7,1732.94,0.0,2053.92,112690200.0,58.2929,0.0,0.0,0.0,0.0,346556.0,0.1793,24022045.0,12.4262,4995842.0,0.8271,15324079.0,7.9269,21970533.0,11.365,13967935.0,8.9824,188321348.0,66.3991
55,2022-12,2022,Dec2022,Balkrishna Inds,Balkrishna Industries Ltd,502355,INE787D01026,A,Mid Cap,Y,Y,57953.59,00000065,Tyres,00000105,Tyres,Company,BALKRISIND,Active,Active,BALKRISIND,Y,Consistently profitable Company,0,Dec2022,0,0,0.0,0.0,0.0,0.0,0.0,0.0,0.0,0.0,0.0,0.0,0.0,0.0,0.0,0.0,0.0,0.0,0.0,0.0,0.0,0.0,0.0,0.0,0.0,0.0,0.0,0.0,0.0,0.0,0.0,0.0,0.0,0.0,0.0,0.0,0.0,0.0,0.0,0.0,0.0,0.0,0.0,0.0,0.0,0.0,0.0,0.0,0.0,0.0,0.0,0.0,0.0,0.0,0.0,0.0,0.0,0.0,0.0,0.0,0.0,0.0,112690200.0,58.2929,0.0,0.0,0.0,0.0,346556.0,0.1793,24074950.0,12.4536,4540127.0,0.7384,14775834.0,7.6433,22554672.0,11.6672,14334851.0,9.0253,188777063.0,66.1155
55,2022-09,2022,Sep2022,Balkrishna Inds,Balkrishna Industries Ltd,502355,INE787D01026,A,Mid Cap,Y,Y,57953.59,00000065,Tyres,00000105,Tyres,Company,BALKRISIND,Active,Active,BALKRISIND,Y,Consistently profitable Company,0,Sep2022,0,0,0.0,0.0,0.0,0.0,0.0,0.0,0.0,0.0,0.0,0.0,0.0,0.0,0.0,0.0,0.0,0.0,0.0,0.0,0.0,0.0,0.0,0.0,0.0,0.0,0.0,0.0,0.0,0.0,0.0,0.0,0.0,0.0,0.0,0.0,0.0,0.0,0.0,0.0,0.0,0.0,0.0,0.0,0.0,0.0,0.0,0.0,0.0,0.0,0.0,0.0,0.0,0.0,0.0,0.0,0.0,0.0,0.0,0.0,0.0,0.0,112690200.0,58.2929,0.0,0.0,0.0,0.0,326556.0,0.1689,25049552.0,12.9577,4597753.0,0.7185,13399111.0,6.9312,21457863.0,11.0998,15796155.0,9.8309,188719437.0,65.393
55,2022-06,2022,Jun2022,Balkrishna Inds,Balkrishna Industries Ltd,502355,INE787D01026,A,Mid Cap,Y,Y,57953.59,00000065,Tyres,00000105,Tyres,Company,BALKRISIND,Active,Active,BALKRISIND,Y,Consistently profitable Company,0,Jun2022,0,0,0.0,0.0,0.0,0.0,0.0,0.0,0.0,0.0,0.0,0.0,0.0,0.0,0.0,0.0,0.0,0.0,0.0,0.0,0.0,0.0,0.0,0.0,0.0,0.0,0.0,0.0,0.0,0.0,0.0,0.0,0.0,0.0,0.0,0.0,0.0,0.0,0.0,0.0,0.0,0.0,0.0,0.0,0.0,0.0,0.0,0.0,0.0,0.0,0.0,0.0,0.0,0.0,0.0,0.0,0.0,0.0,0.0,0.0,0.0,0.0,112690200.0,58.2929,0.0,0.0,0.0,0.0,313106.0,0.162,27639596.0,14.2975,16840469.0,0.0,0.0,0.0,21278881.0,11.0072,14554938.0,16.2404,176476721.0,58.4549
55,2022-03,2022,Mar2022,Balkrishna Inds,Balkrishna Industries Ltd,502355,INE787D01026,A,Mid Cap,Y,Y,57953.59,00000065,Tyres,00000105,Tyres,Company,BALKRISIND,Active,Active,BALKRISIND,Y,Consistently profitable Company,S,Mar2022,00000065,00000105,0.0,8266.71,430.6,8952.64,0.0,0.0,51.73,8.06,380.43,6546.34,443.77,1954.4699999999998,519.0,0.0,24.78,96.82,1313.8700000000001,0.0,1971.23,960.62,2421.3,463.96,0.0,1400.0,28.0,86.15,0.0,5159.97,255.33,329.76,0.0,1410.69,72.98,72.98,358.23,358.23,8180.56,0.0,0.0,2398.24,0.0,0.0,0.0,0.0,0.0,0.0,0.0,0.0,0.0,0.0,0.0,8266.71,0.0,255.33,4033.88,282.84,462.82,1334.64,0.0,2406.2999999999997,112690200.0,58.2929,0.0,0.0,0.0,0.0,278245.0,0.1439,27156462.0,14.0476,16073280.0,0.0,0.0,0.0,22508577.0,11.6433,14610426.0,15.8722,177243910.0,58.436800000000005
55,2022-03,2022,Mar2022,Balkrishna Inds,Balkrishna Industries Ltd,502355,INE787D01026,A,Mid Cap,Y,Y,57953.59,00000065,Tyres,00000105,Tyres,Company,BALKRISIND,Active,Active,BALKRISIND,Y,Consistently profitable Company,C,Mar2022,00000065,00000105,0.0,8295.12,437.92,8990.61,0.0,0.0,56.91,9.35,430.07,6543.74,455.37,1982.15,521.99,0.0,24.78,21.92,1413.46,0.0,1987.53,960.62,2462.29,463.96,0.0,0.0,28.0,86.15,0.0,5211.969999999999,257.57,238.51,0.0,1435.38,0.0,0.0,358.67,358.67,8208.97,0.0,0.0,2437.52,0.0,0.0,0.0,0.0,0.0,1435.38,1400.0,74.26,74.26,74.26,74.26,8295.12,0.0,257.57,4035.41,282.84,463.65,1274.86,0.0,2446.87,112690200.0,58.2929,0.0,0.0,0.0,0.0,278245.0,0.1439,27156462.0,14.0476,16073280.0,0.0,0.0,0.0,22508577.0,11.6433,14610426.0,15.8722,177243910.0,58.436800000000005
55,2021-12,2021,Dec2021,Balkrishna Inds,Balkrishna Industries Ltd,502355,INE787D01026,A,Mid Cap,Y,Y,57953.59,00000065,Tyres,00000105,Tyres,Company,BALKRISIND,Active,Active,BALKRISIND,Y,Consistently profitable Company,0,Dec2021,0,0,0.0,0.0,0.0,0.0,0.0,0.0,0.0,0.0,0.0,0.0,0.0,0.0,0.0,0.0,0.0,0.0,0.0,0.0,0.0,0.0,0.0,0.0,0.0,0.0,0.0,0.0,0.0,0.0,0.0,0.0,0.0,0.0,0.0,0.0,0.0,0.0,0.0,0.0,0.0,0.0,0.0,0.0,0.0,0.0,0.0,0.0,0.0,0.0,0.0,0.0,0.0,0.0,0.0,0.0,0.0,0.0,0.0,0.0,0.0,0.0,112690200.0,58.2929,0.0,0.0,0.0,0.0,197592.0,0.1022,29136916.0,15.0721,14765458.0,0.0,0.0,0.0,22199224.0,11.4833,14327800.0,15.0495,178551732.0,58.395100000000006
55,2021-09,2021,Sep2021,Balkrishna Inds,Balkrishna Industries Ltd,502355,INE787D01026,A,Mid Cap,Y,Y,57953.59,00000065,Tyres,00000105,Tyres,Company,BALKRISIND,Active,Active,BALKRISIND,Y,Consistently profitable Company,0,Sep2021,0,0,0.0,0.0,0.0,0.0,0.0,0.0,0.0,0.0,0.0,0.0,0.0,0.0,0.0,0.0,0.0,0.0,0.0,0.0,0.0,0.0,0.0,0.0,0.0,0.0,0.0,0.0,0.0,0.0,0.0,0.0,0.0,0.0,0.0,0.0,0.0,0.0,0.0,0.0,0.0,0.0,0.0,0.0,0.0,0.0,0.0,0.0,0.0,0.0,0.0,0.0,0.0,0.0,0.0,0.0,0.0,0.0,0.0,0.0,0.0,0.0,112696020.0,58.2959,0.0,0.0,0.0,0.0,30550.0,0.0158,29812907.0,15.4218,12911419.0,0.0,0.0,0.0,24242869.0,12.5405,13623425.0,13.7261,180405771.0,58.3117
55,2021-06,2021,Jun2021,Balkrishna Inds,Balkrishna Industries Ltd,502355,INE787D01026,A,Mid Cap,Y,Y,57953.59,00000065,Tyres,00000105,Tyres,Company,BALKRISIND,Active,Active,BALKRISIND,Y,Consistently profitable Company,0,Jun2021,0,0,0.0,0.0,0.0,0.0,0.0,0.0,0.0,0.0,0.0,0.0,0.0,0.0,0.0,0.0,0.0,0.0,0.0,0.0,0.0,0.0,0.0,0.0,0.0,0.0,0.0,0.0,0.0,0.0,0.0,0.0,0.0,0.0,0.0,0.0,0.0,0.0,0.0,0.0,0.0,0.0,0.0,0.0,0.0,0.0,0.0,0.0,0.0,0.0,0.0,0.0,0.0,0.0,0.0,0.0,0.0,0.0,0.0,0.0,0.0,0.0,112696020.0,58.2959,0.0,0.0,0.0,0.0,550.0,0.0003,29345529.0,15.18,11205410.0,0.0,0.0,0.0,27234224.0,14.0878,12835457.0,12.436,182111780.0,58.296200000000006
55,2021-03,2021,Mar2021,Balkrishna Inds,Balkrishna Industries Ltd,502355,INE787D01026,A,Mid Cap,Y,Y,57953.59,00000065,Tyres,00000105,Tyres,Company,BALKRISIND,Active,Active,BALKRISIND,Y,Consistently profitable Company,S,Mar2021,00000065,00000105,0.0,5757.92,161.45,6068.2,0.0,0.0,42.5,10.2,325.94,4120.860000000001,406.15,1530.9900000000002,369.16,0.0,6.45,49.32,1106.0600000000002,0.0,1447.83,631.98,1971.23,231.98,0.0,850.0,17.0,107.89,0.0,3335.7100000000005,148.83,337.75,0.0,1155.38,59.77,59.77,310.77,310.77,5650.03,0.0,0.0,1937.14,0.0,0.0,0.0,0.0,0.0,0.0,0.0,0.0,0.0,0.0,0.0,5757.92,0.0,148.83,2451.65,173.78,384.34,742.65,0.0,1947.3400000000001,112696020.0,58.2959,0.0,0.0,0.0,0.0,550.0,0.0003,27845430.0,14.404,10490862.0,0.0,0.0,0.0,28212823.0,14.5941,14071505.0,12.7057,182826328.0,58.296200000000006
55,2021-03,2021,Mar2021,Balkrishna Inds,Balkrishna Industries Ltd,502355,INE787D01026,A,Mid Cap,Y,Y,57953.59,00000065,Tyres,00000105,Tyres,Company,BALKRISIND,Active,Active,BALKRISIND,Y,Consistently profitable Company,C,Mar2021,00000065,00000105,0.0,5783.19,172.16,6099.349999999999,0.0,0.0,48.7,11.76,370.86,4116.37,416.3,1554.92,370.94,0.0,6.45,14.2,1163.33,0.0,1442.28,632.28,1987.53,231.98,0.0,0.0,17.0,107.89,0.0,3384.53,144.0,254.31,0.0,1177.53,0.0,0.0,310.39,310.39,5675.3,0.0,0.0,1971.22,0.0,0.0,0.0,0.0,0.0,1177.53,850.0,60.92,60.92,60.92,60.92,5783.19,0.0,144.0,2455.04,173.78,384.85,683.14,0.0,1982.98,112696020.0,58.2959,0.0,0.0,0.0,0.0,550.0,0.0003,27845430.0,14.404,10490862.0,0.0,0.0,0.0,28212823.0,14.5941,14071505.0,12.7057,182826328.0,58.296200000000006
55,2020-12,2020,Dec2020,Balkrishna Inds,Balkrishna Industries Ltd,502355,INE787D01026,A,Mid Cap,Y,Y,57953.59,00000065,Tyres,00000105,Tyres,Company,BALKRISIND,Active,Active,BALKRISIND,Y,Consistently profitable Company,0,Dec2020,0,0,0.0,0.0,0.0,0.0,0.0,0.0,0.0,0.0,0.0,0.0,0.0,0.0,0.0,0.0,0.0,0.0,0.0,0.0,0.0,0.0,0.0,0.0,0.0,0.0,0.0,0.0,0.0,0.0,0.0,0.0,0.0,0.0,0.0,0.0,0.0,0.0,0.0,0.0,0.0,0.0,0.0,0.0,0.0,0.0,0.0,0.0,0.0,0.0,0.0,0.0,0.0,0.0,0.0,0.0,0.0,0.0,0.0,0.0,0.0,0.0,112696020.0,58.2959,0.0,0.0,0.0,0.0,18587.0,0.0096,30038723.0,15.5386,8359283.0,0.0,0.0,0.0,28912373.0,14.9559,13292204.0,11.2,184957907.0,58.3055
55,2020-09,2020,Sep2020,Balkrishna Inds,Balkrishna Industries Ltd,502355,INE787D01026,A,Mid Cap,Y,Y,57953.59,00000065,Tyres,00000105,Tyres,Company,BALKRISIND,Active,Active,BALKRISIND,Y,Consistently profitable Company,0,Sep2020,0,0,0.0,0.0,0.0,0.0,0.0,0.0,0.0,0.0,0.0,0.0,0.0,0.0,0.0,0.0,0.0,0.0,0.0,0.0,0.0,0.0,0.0,0.0,0.0,0.0,0.0,0.0,0.0,0.0,0.0,0.0,0.0,0.0,0.0,0.0,0.0,0.0,0.0,0.0,0.0,0.0,0.0,0.0,0.0,0.0,0.0,0.0,0.0,0.0,0.0,0.0,0.0,0.0,0.0,0.0,0.0,0.0,0.0,0.0,0.0,0.0,112696020.0,58.2959,0.0,0.0,0.0,0.0,14050.0,0.0073,22273866.0,11.5219,8520189.0,0.0,0.0,0.0,36658508.0,18.9629,13154557.0,11.212,184797001.0,58.303200000000004
55,2020-06,2020,Jun2020,Balkrishna Inds,Balkrishna Industries Ltd,502355,INE787D01026,A,Mid Cap,Y,Y,57953.59,00000065,Tyres,00000105,Tyres,Company,BALKRISIND,Active,Active,BALKRISIND,Y,Consistently profitable Company,0,Jun2020,0,0,0.0,0.0,0.0,0.0,0.0,0.0,0.0,0.0,0.0,0.0,0.0,0.0,0.0,0.0,0.0,0.0,0.0,0.0,0.0,0.0,0.0,0.0,0.0,0.0,0.0,0.0,0.0,0.0,0.0,0.0,0.0,0.0,0.0,0.0,0.0,0.0,0.0,0.0,0.0,0.0,0.0,0.0,0.0,0.0,0.0,0.0,0.0,0.0,0.0,0.0,0.0,0.0,0.0,0.0,0.0,0.0,0.0,0.0,0.0,0.0,112696020.0,58.2959,0.0,0.0,0.0,0.0,254907.0,0.1319,0.0,12.9852,33762655.0,0.0,0.0,0.0,34120231.0,17.6499,12483377.0,10.9371,159554535.0,58.427800000000005
55,2020-03,2020,Mar2020,Balkrishna Inds,Balkrishna Industries Ltd,502355,INE787D01026,A,Mid Cap,Y,Y,57953.59,00000065,Tyres,00000105,Tyres,Company,BALKRISIND,Active,Active,BALKRISIND,Y,Consistently profitable Company,S,Mar2020,00000065,00000105,0.0,4782.49,248.77,4982.45,0.0,0.0,39.02,9.16,285.82,3482.44,368.01,1122.84,292.3,0.0,-114.44,48.14,896.84,-7.96,1315.57,804.76,1447.83,386.63,0.0,1000.0,20.0,107.67,0.0,2814.91,-48.81,292.66,0.0,944.98,48.89,48.89,260.12,260.12,4674.82,0.0,0.0,1490.85,0.0,0.0,0.0,0.0,0.0,0.0,0.0,0.0,0.0,0.0,0.0,4782.49,0.0,-48.81,2077.98,164.26,286.85,628.51,0.0,1500.01,112696020.0,58.2959,0.0,0.0,0.0,0.0,273052.0,0.1412,23067127.0,11.9323,9941760.0,0.0,0.0,0.0,34132351.0,17.6561,13206880.0,11.9744,183375430.0,58.4371
55,2020-03,2020,Mar2020,Balkrishna Inds,Balkrishna Industries Ltd,502355,INE787D01026,A,Mid Cap,Y,Y,57953.59,00000065,Tyres,00000105,Tyres,Company,BALKRISIND,Active,Active,BALKRISIND,Y,Consistently profitable Company,C,Mar2020,00000065,00000105,0.0,4811.24,250.78,5002.79,0.0,0.0,46.08,10.79,328.63,3478.87,373.61,1139.52,294.31,0.0,-114.44,135.21,824.4399999999999,-7.95,1295.34,804.76,1442.28,386.63,0.0,0.0,20.0,107.67,0.0,2859.77,-59.23,208.62,0.0,959.65,0.0,0.0,259.09,259.09,4703.57,0.0,0.0,1513.13,0.0,0.0,0.0,0.0,0.0,959.65,1000.0,49.65,49.65,49.65,49.65,4811.24,0.0,-59.23,2079.52,164.26,287.36,573.02,0.0,1523.92,112696020.0,58.2959,0.0,0.0,0.0,0.0,273052.0,0.1412,23067127.0,11.9323,9941760.0,0.0,0.0,0.0,34132351.0,17.6561,13206880.0,11.9744,183375430.0,58.4371
55,2019-12,2019,Dec2019,Balkrishna Inds,Balkrishna Industries Ltd,502355,INE787D01026,A,Mid Cap,Y,Y,57953.59,00000065,Tyres,00000105,Tyres,Company,BALKRISIND,Active,Active,BALKRISIND,Y,Consistently profitable Company,0,Dec2019,0,0,0.0,0.0,0.0,0.0,0.0,0.0,0.0,0.0,0.0,0.0,0.0,0.0,0.0,0.0,0.0,0.0,0.0,0.0,0.0,0.0,0.0,0.0,0.0,0.0,0.0,0.0,0.0,0.0,0.0,0.0,0.0,0.0,0.0,0.0,0.0,0.0,0.0,0.0,0.0,0.0,0.0,0.0,0.0,0.0,0.0,0.0,0.0,0.0,0.0,0.0,0.0,0.0,0.0,0.0,0.0,0.0,0.0,0.0,0.0,0.0,112696020.0,58.2959,0.0,0.0,0.0,0.0,321426.0,0.1663,22586469.0,11.6836,9988738.0,0.0,0.0,0.0,33481440.0,17.3194,14243097.0,12.5348,183328452.0,58.4622
55,2019-09,2019,Sep2019,Balkrishna Inds,Balkrishna Industries Ltd,502355,INE787D01026,A,Mid Cap,Y,Y,57953.59,00000065,Tyres,00000105,Tyres,Company,BALKRISIND,Active,Active,BALKRISIND,Y,Consistently profitable Company,0,Sep2019,0,0,0.0,0.0,0.0,0.0,0.0,0.0,0.0,0.0,0.0,0.0,0.0,0.0,0.0,0.0,0.0,0.0,0.0,0.0,0.0,0.0,0.0,0.0,0.0,0.0,0.0,0.0,0.0,0.0,0.0,0.0,0.0,0.0,0.0,0.0,0.0,0.0,0.0,0.0,0.0,0.0,0.0,0.0,0.0,0.0,0.0,0.0,0.0,0.0,0.0,0.0,0.0,0.0,0.0,0.0,0.0,0.0,0.0,0.0,0.0,0.0,112696020.0,58.2959,0.0,0.0,0.0,0.0,311352.0,0.1611,21592546.0,11.1695,12227461.0,0.0,0.0,0.0,30504759.0,15.7796,15985052.0,14.5939,181089729.0,58.457
55,2019-06,2019,Jun2019,Balkrishna Inds,Balkrishna Industries Ltd,502355,INE787D01026,A,Mid Cap,Y,Y,57953.59,00000065,Tyres,00000105,Tyres,Company,BALKRISIND,Active,Active,BALKRISIND,Y,Consistently profitable Company,0,Jun2019,0,0,0.0,0.0,0.0,0.0,0.0,0.0,0.0,0.0,0.0,0.0,0.0,0.0,0.0,0.0,0.0,0.0,0.0,0.0,0.0,0.0,0.0,0.0,0.0,0.0,0.0,0.0,0.0,0.0,0.0,0.0,0.0,0.0,0.0,0.0,0.0,0.0,0.0,0.0,0.0,0.0,0.0,0.0,0.0,0.0,0.0,0.0,0.0,0.0,0.0,0.0,0.0,0.0,0.0,0.0,0.0,0.0,0.0,0.0,0.0,0.0,112696020.0,58.2959,0.0,0.0,0.0,0.0,541986.0,0.2804,20548706.0,10.6295,12228067.0,0.0,0.0,0.0,30285702.0,15.6663,17016709.0,15.1279,181089123.0,58.5763
55,2019-03,2019,Mar2019,Balkrishna Inds,Balkrishna Industries Ltd,502355,INE787D01026,A,Mid Cap,Y,Y,57953.59,00000065,Tyres,00000105,Tyres,Company,BALKRISIND,Active,Active,BALKRISIND,Y,Consistently profitable Company,S,Mar2019,00000065,00000105,0.0,5244.5,214.21,5497.2300000000005,0.0,0.0,51.88,11.1,263.63,3970.57,332.55,1183.01,391.6,0.0,9.41,42.81,739.19,-5.96,1008.36,468.83,1315.57,115.99,0.0,400.0,8.0,176.49,0.0,3314.26,38.52,288.27,0.0,782.0,40.46,40.46,242.04,242.04,5068.01,0.0,0.0,1515.56,0.0,0.0,0.0,0.0,0.0,0.0,0.0,0.0,0.0,0.0,0.0,5244.5,0.0,38.52,2501.34,186.87,362.42,604.43,0.0,1526.6599999999999,0.0,0.0,0.0,0.0,0.0,0.0,0.0,0.0,0.0,0.0,0.0,0.0,0.0,0.0,0.0,0.0,0.0,0.0,0.0,0.0
55,2019-03,2019,Mar2019,Balkrishna Inds,Balkrishna Industries Ltd,502355,INE787D01026,A,Mid Cap,Y,Y,57953.59,00000065,Tyres,00000105,Tyres,Company,BALKRISIND,Active,Active,BALKRISIND,Y,Consistently profitable Company,C,Mar2019,00000065,00000105,0.0,5209.99,218.17,5487.71,0.0,0.0,55.67,12.44,299.15,3966.1000000000004,332.61,1176.56,393.5,0.0,9.41,21.3,752.35,-5.96,996.48,468.83,1295.34,115.99,0.0,0.0,8.0,176.57,0.0,3352.51,59.55,216.81,0.0,773.65,0.0,0.0,240.75,240.75,5033.42,0.0,0.0,1509.17,0.0,0.0,0.0,0.0,0.0,773.65,400.0,40.02,40.02,40.02,40.02,5209.99,0.0,59.55,2503.67,186.87,362.82,557.92,0.0,1521.6100000000001,0.0,0.0,0.0,0.0,0.0,0.0,0.0,0.0,0.0,0.0,0.0,0.0,0.0,0.0,0.0,0.0,0.0,0.0,0.0,0.0
55,2018-03,2018,Mar2018,Balkrishna Inds,Balkrishna Industries Ltd,502355,INE787D01026,A,Mid Cap,Y,Y,57953.59,00000065,Tyres,00000105,Tyres,Company,BALKRISIND,Active,Active,BALKRISIND,Y,Consistently profitable Company,S,Mar2018,00000065,00000105,0.0,4447.28,336.21,4826.469999999999,0.0,0.0,46.06,14.02,248.78,3382.62,311.34,1118.49,369.03,0.0,10.21,38.63,700.62,-12.67,705.81,424.03,1008.36,154.6561735,0.0,400.0,8.0,94.58,0.0,2925.76,42.98,117.03,0.0,739.25,38.24,38.24,211.86,211.86,4369.88,0.0,0.0,1429.83,0.0,0.0,0.0,0.0,0.0,0.0,0.0,0.0,0.0,0.0,0.0,4464.46,17.18,42.98,2192.83,176.26,307.89,410.8,0.0,1443.85,0.0,0.0,0.0,0.0,0.0,0.0,0.0,0.0,0.0,0.0,0.0,0.0,0.0,0.0,0.0,0.0,0.0,0.0,0.0,0.0
55,2018-03,2018,Mar2018,Balkrishna Inds,Balkrishna Industries Ltd,502355,INE787D01026,A,Mid Cap,Y,Y,57953.59,00000065,Tyres,00000105,Tyres,Company,BALKRISIND,Active,Active,BALKRISIND,Y,Consistently profitable Company,C,Mar2018,00000065,00000105,0.0,4443.79,339.75,4834.76,0.0,0.0,52.24,14.83,279.92,3392.49,311.4,1116.04,370.02,0.0,10.23,22.47,713.3199999999999,-12.68,697.4,424.03,996.48,154.653752,0.0,0.0,8.0,94.64,0.0,2958.79,51.22,69.82,0.0,735.79,0.0,0.0,211.25,211.25,4366.33,0.0,0.0,1427.44,0.0,0.0,0.0,0.0,0.0,735.79,400.0,38.06,38.06,38.06,38.06,4460.97,17.18,51.22,2194.44,176.26,308.17,381.46,0.0,1442.27,0.0,0.0,0.0,0.0,0.0,0.0,0.0,0.0,0.0,0.0,0.0,0.0,0.0,0.0,0.0,0.0,0.0,0.0,0.0,0.0
55,2017-03,2017,Mar2017,Balkrishna Inds,Balkrishna Industries Ltd,502355,INE787D01026,A,Mid Cap,Y,Y,57953.59,00000065,Tyres,00000105,Tyres,Company,BALKRISIND,Active,Active,BALKRISIND,Y,Consistently profitable Company,S,Mar2017,00000065,00000105,0.0,3727.85,249.61,3976.9900000000002,0.0,0.0,37.34,21.44,224.29,2595.45,303.83,1056.27,295.53,0.0,45.16,73.54,642.0400000000001,-0.03,554.24,563.98,705.81,53.16,0.0,400.0,8.0,66.26,0.0,2172.0,-0.47,149.47,0.0,715.58,72.92,36.46,183.715,367.43,3718.4,0.0,0.0,1360.1,0.0,0.0,0.0,0.0,0.0,0.0,0.0,0.0,0.0,0.0,0.0,3784.66,56.81,-0.47,1580.85,129.8,237.06,386.11,0.0,1381.54,0.0,0.0,0.0,0.0,0.0,0.0,0.0,0.0,0.0,0.0,0.0,0.0,0.0,0.0,0.0,0.0,0.0,0.0,0.0,0.0
55,2017-03,2017,Mar2017,Balkrishna Inds,Balkrishna Industries Ltd,502355,INE787D01026,A,Mid Cap,Y,Y,57953.59,00000065,Tyres,00000105,Tyres,Company,BALKRISIND,Active,Active,BALKRISIND,Y,Consistently profitable Company,C,Mar2017,00000065,00000105,0.0,3723.3,253.63,3982.36,0.0,0.0,40.11,22.0,256.86,2597.76,304.0,1058.6,296.66,0.0,45.09,73.35,643.5,-0.62,545.15,563.98,697.4,53.16,0.0,0.0,8.0,66.26,0.0,2209.0299999999997,5.43,96.48,0.0,716.85,0.0,0.0,183.285,366.57,3713.85,0.0,0.0,1362.6,0.0,0.0,0.0,0.0,0.0,716.85,400.0,73.05,36.525,73.05,36.525,3780.11,56.81,5.43,1585.06,129.8,237.31,348.62,0.0,1384.6,0.0,0.0,0.0,0.0,0.0,0.0,0.0,0.0,0.0,0.0,0.0,0.0,0.0,0.0,0.0,0.0,0.0,0.0,0.0,0.0
55,2016-03,2016,Mar2016,Balkrishna Inds,Balkrishna Industries Ltd,502355,INE787D01026,A,Mid Cap,Y,Y,57953.59,00000065,Tyres,00000105,Tyres,Company,BALKRISIND,Active,Active,BALKRISIND,Y,Consistently profitable Company,S,Mar2016,00000065,00000105,0.0,3222.5099999999998,148.96,3356.68,0.0,0.0,53.46,39.83,205.7,2369.2200000000003,282.17,665.46,229.7,0.0,-2.81,17.2,421.37,-0.07,709.34,595.82,552.02,76.36,0.0,275.0,5.5,31.0,0.0,1970.74,-14.79,83.88,0.0,438.57,43.78,21.89,143.905,287.81,3241.52,0.0,0.0,947.63,0.0,0.0,0.0,0.0,0.0,0.0,0.0,0.0,0.0,0.0,0.0,3272.52,50.01,-14.79,1394.49,118.54,252.01,345.02,0.0,987.46,0.0,0.0,0.0,0.0,0.0,0.0,0.0,0.0,0.0,0.0,0.0,0.0,0.0,0.0,0.0,0.0,0.0,0.0,0.0,0.0
55,2016-03,2016,Mar2016,Balkrishna Inds,Balkrishna Industries Ltd,502355,INE787D01026,A,Mid Cap,Y,Y,57953.59,00000065,Tyres,00000105,Tyres,Company,BALKRISIND,Active,Active,BALKRISIND,Y,Consistently profitable Company,C,Mar2016,00000065,00000105,0.0,3239.45,173.74,3390.0199999999995,0.0,0.0,71.22,39.85,234.92,2393.6,282.32,674.25,231.93,0.0,-3.4,-0.5,446.22,1.61,693.64,595.82,545.15,76.36,0.0,0.0,5.5,31.0,0.0,2001.63,-23.17,102.34,0.0,445.72,0.0,0.0,143.55,287.1,3258.46,0.0,0.0,956.57,0.0,0.0,0.0,0.0,0.0,445.72,275.0,44.52,22.26,44.52,22.26,3289.46,50.01,-23.17,1396.02,118.54,252.15,320.75,0.0,996.4200000000001,0.0,0.0,0.0,0.0,0.0,0.0,0.0,0.0,0.0,0.0,0.0,0.0,0.0,0.0,0.0,0.0,0.0,0.0,0.0,0.0
55,2015-03,2015,Mar2015,Balkrishna Inds,Balkrishna Industries Ltd,502355,INE787D01026,A,Mid Cap,Y,Y,57953.59,00000065,Tyres,00000105,Tyres,Company,BALKRISIND,Active,Active,BALKRISIND,Y,Consistently profitable Company,S,Mar2015,00000065,00000105,0.0,3779.9,279.8,4043.9200000000005,0.0,0.0,21.53,46.59,194.35,3029.59,240.2,727.56,215.1,0.0,23.64,-0.78,489.59,9.47,142.43,77.83,562.88,23.2,0.0,120.0,2.4,37.55,0.0,2586.33,-15.78,65.34,0.0,488.81,50.09,25.045,118.545,237.09,3796.28,0.0,0.0,967.76,0.0,0.0,0.0,0.0,0.0,0.0,0.0,0.0,0.0,0.0,0.0,3833.83,53.93,-15.78,1952.11,158.29,281.58,421.73,0.0,1014.35,0.0,0.0,0.0,0.0,0.0,0.0,0.0,0.0,0.0,0.0,0.0,0.0,0.0,0.0,0.0,0.0,0.0,0.0,0.0,0.0
55,2015-03,2015,Mar2015,Balkrishna Inds,Balkrishna Industries Ltd,502355,INE787D01026,A,Mid Cap,Y,Y,57953.59,00000065,Tyres,00000105,Tyres,Company,BALKRISIND,Active,Active,BALKRISIND,Y,Consistently profitable Company,C,Mar2015,00000065,00000105,0.0,3816.8,277.44,4078.7400000000002,0.0,0.0,27.36,47.77,227.34,3073.93,243.7,713.3399999999999,217.33,0.0,23.44,0.28,472.29,0.39,152.02,77.83,547.15,23.2,0.0,0.0,2.4,89.08,0.0,2658.09,-15.5,88.37,0.0,472.57,0.0,0.0,117.735,235.47,3781.65,0.0,0.0,957.04,0.0,0.0,0.0,0.0,0.0,472.57,120.0,48.41,24.205,48.41,24.205,3870.73,53.93,-15.5,1962.87,175.54,292.34,388.49,0.0,1004.81,0.0,0.0,0.0,0.0,0.0,0.0,0.0,0.0,0.0,0.0,0.0,0.0,0.0,0.0,0.0,0.0,0.0,0.0,0.0,0.0
55,2014-03,2014,Mar2014,Balkrishna Inds,Balkrishna Industries Ltd,502355,INE787D01026,A,Mid Cap,Y,Y,57953.59,00000065,Tyres,00000105,Tyres,Company,BALKRISIND,Active,Active,BALKRISIND,Y,Consistently profitable Company,S,Mar2014,00000065,00000105,0.0,3576.71,13.84,3587.07,0.0,0.0,109.25,25.07,138.58,2679.33,164.96,717.6999999999999,157.0,0.0,72.33,-0.06,488.43,0.0,76.59,422.54,142.43,19.33,0.0,100.0,2.0,41.03,0.0,2219.0,-3.48,106.87,0.0,488.37,50.19,25.0955019100382,97.50195003900077,195.0,3574.14,0.0,0.0,882.66,0.0,0.0,0.0,0.0,0.0,0.0,0.0,0.0,0.0,0.0,0.0,3615.17,38.46,-3.48,1717.53,118.72,244.17,351.09,0.0,907.73,0.0,0.0,0.0,0.0,0.0,0.0,0.0,0.0,0.0,0.0,0.0,0.0,0.0,0.0,0.0,0.0,0.0,0.0,0.0,0.0
55,2014-03,2014,Mar2014,Balkrishna Inds,Balkrishna Industries Ltd,502355,INE787D01026,A,Mid Cap,Y,Y,57953.59,00000065,Tyres,00000105,Tyres,Company,BALKRISIND,Active,Active,BALKRISIND,Y,Consistently profitable Company,C,Mar2014,00000065,00000105,0.0,3771.85,14.06,3798.7999999999997,0.0,0.0,116.11,27.46,168.57,2894.8999999999996,170.28,706.1700000000001,158.69,0.0,72.86,-0.01,474.63,0.0,100.59,423.19,152.02,19.33,0.0,0.0,2.0,94.43,0.0,2440.0,12.89,121.63,0.0,474.62,0.0,0.0,98.03196063921278,196.06,3724.95,0.0,0.0,876.45,0.0,0.0,0.0,0.0,0.0,474.62,100.0,48.77,24.385487709754198,48.77,24.385487709754198,3819.37,47.52,12.89,1834.78,168.73,267.92,338.8,0.0,903.9100000000001,0.0,0.0,0.0,0.0,0.0,0.0,0.0,0.0,0.0,0.0,0.0,0.0,0.0,0.0,0.0,0.0,0.0,0.0,0.0,0.0
55,2013-03,2013,Mar2013,Balkrishna Inds,Balkrishna Industries Ltd,502355,INE787D01026,A,Mid Cap,Y,Y,57953.59,00000065,Tyres,00000105,Tyres,Company,BALKRISIND,Active,Active,BALKRISIND,Y,Consistently profitable Company,S,Mar2013,00000065,00000105,0.0,3190.5699999999997,4.21,3231.22,0.0,0.0,28.17,25.82,107.48,2562.4900000000002,107.71,535.2099999999999,142.1,0.0,37.27,0.33,355.5,0.0,87.72,366.96,76.59,14.5,0.0,75.0,1.5,17.49,0.0,2264.18,36.44,50.09,0.0,355.83,36.56,18.280639822393784,73.40256908991816,146.8,3202.71,0.0,0.0,642.92,0.0,0.0,0.0,0.0,0.0,0.0,0.0,0.0,0.0,0.0,0.0,3220.2,29.63,36.44,1827.4,117.81,211.49,270.13,0.0,668.74,0.0,0.0,0.0,0.0,0.0,0.0,0.0,0.0,0.0,0.0,0.0,0.0,0.0,0.0,0.0,0.0,0.0,0.0,0.0,0.0
55,2013-03,2013,Mar2013,Balkrishna Inds,Balkrishna Industries Ltd,502355,INE787D01026,A,Mid Cap,Y,Y,57953.59,00000065,Tyres,00000105,Tyres,Company,BALKRISIND,Active,Active,BALKRISIND,Y,Consistently profitable Company,C,Mar2013,00000065,00000105,0.0,3393.94,4.51,3434.3700000000003,0.0,0.0,33.71,27.52,133.77,2760.84,112.2,533.8,143.88,0.0,40.01,0.37,349.53,-0.02,117.67,366.96,100.59,14.5,0.0,0.0,1.5,70.78,0.0,2465.3399999999997,35.92,69.9,0.0,349.9,0.0,0.0,74.64761266644332,149.29,3361.87,0.0,0.0,646.0,0.0,0.0,0.0,0.0,0.0,349.9,75.0,35.94,17.97062897201402,35.94,17.97062897201402,3432.65,38.71,35.92,1930.6,167.56,233.41,261.8,0.0,673.52,0.0,0.0,0.0,0.0,0.0,0.0,0.0,0.0,0.0,0.0,0.0,0.0,0.0,0.0,0.0,0.0,0.0,0.0,0.0,0.0
55,2012-03,2012,Mar2012,Balkrishna Inds,Balkrishna Industries Ltd,502355,INE787D01026,A,Mid Cap,Y,Y,57953.59,00000065,Tyres,00000105,Tyres,Company,BALKRISIND,Active,Active,BALKRISIND,Y,Consistently profitable Company,S,Mar2012,00000065,00000105,0.0,2819.96,3.3,2871.2200000000003,0.0,0.0,31.18,27.83,72.33,2362.0299999999997,83.14,398.22,124.1,0.0,5.6,0.1,268.41999999999996,-3.35,389.31,566.76,87.72,14.5,0.0,75.0,1.5,25.14,0.0,2112.7599999999998,47.96,47.8,0.0,268.52,27.54,13.77,55.875,111.75,2819.43,0.0,0.0,481.36,0.0,0.0,0.0,0.0,0.0,0.0,0.0,0.0,0.0,0.0,0.0,2844.57,24.61,47.96,1759.06,96.75,184.62,218.09,0.0,509.19,0.0,0.0,0.0,0.0,0.0,0.0,0.0,0.0,0.0,0.0,0.0,0.0,0.0,0.0,0.0,0.0,0.0,0.0,0.0,0.0
55,2012-03,2012,Mar2012,Balkrishna Inds,Balkrishna Industries Ltd,502355,INE787D01026,A,Mid Cap,Y,Y,57953.59,00000065,Tyres,00000105,Tyres,Company,BALKRISIND,Active,Active,BALKRISIND,Y,Consistently profitable Company,C,Mar2012,00000065,00000105,0.0,3016.6400000000003,4.04,3072.7300000000005,0.0,0.0,35.27,29.28,93.75,2556.64,86.39,400.42,125.03,0.0,6.45,0.58,268.36,-3.32,418.88,566.83,117.67,14.52,0.0,0.0,1.5,66.38,0.0,2310.51,52.05,58.33,0.0,268.94,0.0,0.0,57.43,114.86,2982.94,0.0,0.0,486.81,0.0,0.0,0.0,0.0,0.0,268.94,75.0,27.58,13.79,27.58,13.79,3049.32,32.68,52.05,1869.5,141.45,205.81,210.86,0.0,516.09,0.0,0.0,0.0,0.0,0.0,0.0,0.0,0.0,0.0,0.0,0.0,0.0,0.0,0.0,0.0,0.0,0.0,0.0,0.0,0.0
55,2011-03,2011,Mar2011,Balkrishna Inds,Balkrishna Industries Ltd,502355,INE787D01026,A,Mid Cap,Y,Y,57953.59,00000065,Tyres,00000105,Tyres,Company,BALKRISIND,Active,Active,BALKRISIND,Y,Consistently profitable Company,S,Mar2011,00000065,00000105,0.0,1934.1399999999999,91.24,2028.1499999999999,0.0,0.0,26.13,20.66,54.51,1658.11,74.44,274.94,87.2,0.0,2.18,-0.06,185.62,0.1,237.93,34.28,389.31,13.53,0.0,70.0,1.4,47.68,0.0,1474.31,2.77,33.91,0.0,185.56,18.97,9.485,43.03,86.06,1905.44,0.0,0.0,349.38,0.0,0.0,0.0,0.0,0.0,0.0,0.0,0.0,0.0,0.0,0.0,1953.12,18.98,2.77,1228.83,75.91,115.06,157.67,0.0,370.04,0.0,0.0,0.0,0.0,0.0,0.0,0.0,0.0,0.0,0.0,0.0,0.0,0.0,0.0,0.0,0.0,0.0,0.0,0.0,0.0
55,2011-03,2011,Mar2011,Balkrishna Inds,Balkrishna Industries Ltd,502355,INE787D01026,A,Mid Cap,Y,Y,57953.59,00000065,Tyres,00000105,Tyres,Company,BALKRISIND,Active,Active,BALKRISIND,Y,Consistently profitable Company,C,Mar2011,00000065,00000105,0.0,2132.21,92.44,2227.9100000000003,0.0,0.0,13.94,21.5,71.82,1840.9299999999998,77.34,288.14,90.91,0.0,2.7,0.01,194.52,0.1,258.54,34.29,418.88,13.53,0.0,0.0,1.4,87.24000000000001,0.0,1657.11,3.26,37.97,0.0,194.53,0.0,0.0,44.56,89.12,2070.51,0.0,0.0,365.48,0.0,0.0,0.0,0.0,0.0,194.53,70.0,19.9,9.95,19.9,9.95,2157.75,25.54,3.26,1334.6,116.56,134.13,169.88,0.0,386.98,0.0,0.0,0.0,0.0,0.0,0.0,0.0,0.0,0.0,0.0,0.0,0.0,0.0,0.0,0.0,0.0,0.0,0.0,0.0,0.0
100,2024-06,2024,Jun2024,Oriental Aromat.,Oriental Aromatics Ltd,500078,INE959C01023,B,Small Cap,Y,Y,1645.66,00000014,Chemicals,00000022,Chemicals,Company,OAL,Active,Active,OAL,Y,Nutral,0,Jun2024,0,0,0.0,0.0,0.0,0.0,0.0,0.0,0.0,0.0,0.0,0.0,0.0,0.0,0.0,0.0,0.0,0.0,0.0,0.0,0.0,0.0,0.0,0.0,0.0,0.0,0.0,0.0,0.0,0.0,0.0,0.0,0.0,0.0,0.0,0.0,0.0,0.0,0.0,0.0,0.0,0.0,0.0,0.0,0.0,0.0,0.0,0.0,0.0,0.0,0.0,0.0,0.0,0.0,0.0,0.0,0.0,0.0,0.0,0.0,0.0,0.0,24960000.0,74.1675,0.0,0.0,0.0,0.0,308.0,0.0009,34918.0,0.1048,2151201.0,0.0,0.0,0.0,0.0,0.0,6507149.0,25.7269,31502375.0,74.1684
100,2024-03,2024,Mar2024,Oriental Aromat.,Oriental Aromatics Ltd,500078,INE959C01023,B,Small Cap,Y,Y,1645.66,00000014,Chemicals,00000022,Chemicals,Company,OAL,Active,Active,OAL,Y,Nutral,S,Mar2024,00000014,00000022,0.0,842.3,7.33,810.69,0.0,0.0,11.65,20.49,53.81,756.03,19.67,14.509999999999998,4.72,0.0,0.3,-0.02,9.5,0.0,566.8,1.68,574.6,0.0,0.0,10.0,0.5,4.6,0.0,694.78,-38.94,0.0,0.0,9.48,2.82,2.82,188.51,188.51,837.71,-5.9,0.0,34.18,0.0,0.0,0.0,0.0,0.0,0.0,0.0,0.0,0.0,0.0,0.0,842.3,0.0,-38.94,532.54,55.74,52.69,43.7,0.0,54.67,24960000.0,74.1675,0.0,0.0,0.0,0.0,308.0,0.0009,34159.0,0.10250000000000001,2098564.0,0.0,0.0,0.0,130159.0,0.3868,6430386.0,25.3424,31555012.0,74.1684
100,2024-03,2024,Mar2024,Oriental Aromat.,Oriental Aromatics Ltd,500078,INE959C01023,B,Small Cap,Y,Y,1645.66,00000014,Chemicals,00000022,Chemicals,Company,OAL,Active,Active,OAL,Y,Nutral,C,Mar2024,00000014,00000022,0.0,842.3,7.28,810.6399999999999,0.0,0.0,11.72,20.37,53.9,756.43,19.79,14.060000000000002,4.72,0.0,0.23,-0.02,9.12,0.0,565.05,1.68,572.47,0.0,0.0,0.0,0.5,4.6,0.0,694.87,-38.94,0.0,0.0,9.1,0.0,0.0,187.9,187.9,837.71,-5.9,0.0,33.85,0.0,0.0,0.0,0.0,0.0,9.1,10.0,2.71,2.71,2.71,2.71,842.3,0.0,-38.94,532.54,55.74,52.69,43.95,0.0,54.22,24960000.0,74.1675,0.0,0.0,0.0,0.0,308.0,0.0009,34159.0,0.10250000000000001,2098564.0,0.0,0.0,0.0,130159.0,0.3868,6430386.0,25.3424,31555012.0,74.1684
100,2023-12,2023,Dec2023,Oriental Aromat.,Oriental Aromatics Ltd,500078,INE959C01023,B,Small Cap,Y,Y,1645.66,00000014,Chemicals,00000022,Chemicals,Company,OAL,Active,Active,OAL,Y,Nutral,0,Dec2023,0,0,0.0,0.0,0.0,0.0,0.0,0.0,0.0,0.0,0.0,0.0,0.0,0.0,0.0,0.0,0.0,0.0,0.0,0.0,0.0,0.0,0.0,0.0,0.0,0.0,0.0,0.0,0.0,0.0,0.0,0.0,0.0,0.0,0.0,0.0,0.0,0.0,0.0,0.0,0.0,0.0,0.0,0.0,0.0,0.0,0.0,0.0,0.0,0.0,0.0,0.0,0.0,0.0,0.0,0.0,0.0,0.0,0.0,0.0,0.0,0.0,24960000.0,74.1675,0.0,0.0,0.0,0.0,308.0,0.0009,34159.0,0.10250000000000001,2063131.0,0.0,0.0,0.0,130159.0,0.3868,6465819.0,25.3424,31590445.0,74.1684
100,2023-09,2023,Sep2023,Oriental Aromat.,Oriental Aromatics Ltd,500078,INE959C01023,B,Small Cap,Y,Y,1645.66,00000014,Chemicals,00000022,Chemicals,Company,OAL,Active,Active,OAL,Y,Nutral,0,Sep2023,0,0,0.0,0.0,0.0,0.0,0.0,0.0,0.0,0.0,0.0,0.0,0.0,0.0,0.0,0.0,0.0,0.0,0.0,0.0,0.0,0.0,0.0,0.0,0.0,0.0,0.0,0.0,0.0,0.0,0.0,0.0,0.0,0.0,0.0,0.0,0.0,0.0,0.0,0.0,0.0,0.0,0.0,0.0,0.0,0.0,0.0,0.0,0.0,0.0,0.0,0.0,0.0,0.0,0.0,0.0,0.0,0.0,0.0,0.0,0.0,0.0,24960000.0,74.1675,0.0,0.0,0.0,0.0,308.0,0.0009,36963.0,0.1108,1999921.0,0.0,0.0,0.0,204417.0,0.6074,6451967.0,25.1134,31653655.0,74.1684
100,2023-06,2023,Jun2023,Oriental Aromat.,Oriental Aromatics Ltd,500078,INE959C01023,B,Small Cap,Y,Y,1645.66,00000014,Chemicals,00000022,Chemicals,Company,OAL,Active,Active,OAL,Y,Nutral,0,Jun2023,0,0,0.0,0.0,0.0,0.0,0.0,0.0,0.0,0.0,0.0,0.0,0.0,0.0,0.0,0.0,0.0,0.0,0.0,0.0,0.0,0.0,0.0,0.0,0.0,0.0,0.0,0.0,0.0,0.0,0.0,0.0,0.0,0.0,0.0,0.0,0.0,0.0,0.0,0.0,0.0,0.0,0.0,0.0,0.0,0.0,0.0,0.0,0.0,0.0,0.0,0.0,0.0,0.0,0.0,0.0,0.0,0.0,0.0,0.0,0.0,0.0,24960000.0,74.1675,0.0,0.0,0.0,0.0,308.0,0.0009,43475.0,0.1302,1981130.0,0.0,0.0,0.0,251500.0,0.7473,6417163.0,24.9542,31672446.0,74.1684
100,2023-03,2023,Mar2023,Oriental Aromat.,Oriental Aromatics Ltd,500078,INE959C01023,B,Small Cap,Y,Y,1645.66,00000014,Chemicals,00000022,Chemicals,Company,OAL,Active,Active,OAL,Y,Nutral,S,Mar2023,00000014,00000022,0.0,853.64,5.77,913.3199999999999,0.0,0.0,9.42,13.13,52.66,852.41,19.33,28.450000000000003,7.47,0.0,0.36,-0.02,20.64,0.0,546.18,0.0,566.8,0.0,0.0,10.0,0.5,3.28,0.0,789.34,53.91,0.0,0.0,20.62,6.13,6.13,186.22,186.22,850.36,-4.56,0.0,47.78,0.0,0.0,0.0,0.0,0.0,0.0,0.0,0.0,0.0,0.0,0.0,853.64,0.0,53.91,630.69,51.78,54.21,49.09,0.0,60.910000000000004,24960000.0,74.1675,0.0,0.0,0.0,0.0,308.0,0.0009,45004.0,0.13470000000000001,1951232.0,0.0,0.0,0.0,263900.0,0.7842,6433132.0,24.9128,31702344.0,74.1684
100,2023-03,2023,Mar2023,Oriental Aromat.,Oriental Aromatics Ltd,500078,INE959C01023,B,Small Cap,Y,Y,1645.66,00000014,Chemicals,00000022,Chemicals,Company,OAL,Active,Active,OAL,Y,Nutral,C,Mar2023,00000014,00000022,0.0,853.64,5.73,913.28,0.0,0.0,9.89,13.03,52.84,853.34,19.43,27.479999999999997,7.47,0.0,0.27,-0.02,19.759999999999998,0.0,545.31,0.0,565.05,0.0,0.0,0.0,0.5,3.28,0.0,789.5200000000001,53.91,0.0,0.0,19.74,0.0,0.0,185.7,185.7,850.36,-4.56,0.0,46.91,0.0,0.0,0.0,0.0,0.0,19.74,10.0,5.87,5.87,5.87,5.87,853.64,0.0,53.91,630.69,51.78,54.21,49.37,0.0,59.94,24960000.0,74.1675,0.0,0.0,0.0,0.0,308.0,0.0009,45004.0,0.13470000000000001,1951232.0,0.0,0.0,0.0,263900.0,0.7842,6433132.0,24.9128,31702344.0,74.1684
100,2022-12,2022,Dec2022,Oriental Aromat.,Oriental Aromatics Ltd,500078,INE959C01023,B,Small Cap,Y,Y,1645.66,00000014,Chemicals,00000022,Chemicals,Company,OAL,Active,Active,OAL,Y,Nutral,0,Dec2022,0,0,0.0,0.0,0.0,0.0,0.0,0.0,0.0,0.0,0.0,0.0,0.0,0.0,0.0,0.0,0.0,0.0,0.0,0.0,0.0,0.0,0.0,0.0,0.0,0.0,0.0,0.0,0.0,0.0,0.0,0.0,0.0,0.0,0.0,0.0,0.0,0.0,0.0,0.0,0.0,0.0,0.0,0.0,0.0,0.0,0.0,0.0,0.0,0.0,0.0,0.0,0.0,0.0,0.0,0.0,0.0,0.0,0.0,0.0,0.0,0.0,24960000.0,74.1675,0.0,0.0,0.0,0.0,308.0,0.0009,45079.0,0.135,1828362.0,0.0,0.0,0.0,255400.0,0.7589,6564427.0,24.9378,31825214.0,74.1684
100,2022-09,2022,Sep2022,Oriental Aromat.,Oriental Aromatics Ltd,500078,INE959C01023,B,Small Cap,Y,Y,1645.66,00000014,Chemicals,00000022,Chemicals,Company,OAL,Active,Active,OAL,Y,Nutral,0,Sep2022,0,0,0.0,0.0,0.0,0.0,0.0,0.0,0.0,0.0,0.0,0.0,0.0,0.0,0.0,0.0,0.0,0.0,0.0,0.0,0.0,0.0,0.0,0.0,0.0,0.0,0.0,0.0,0.0,0.0,0.0,0.0,0.0,0.0,0.0,0.0,0.0,0.0,0.0,0.0,0.0,0.0,0.0,0.0,0.0,0.0,0.0,0.0,0.0,0.0,0.0,0.0,0.0,0.0,0.0,0.0,0.0,0.0,0.0,0.0,0.0,0.0,24960000.0,74.1675,0.0,0.0,0.0,0.0,308.0,0.0009,47152.0,0.1411,1724844.0,0.0,0.0,0.0,255400.0,0.7589,6665872.0,24.9317,31928732.0,74.1684
100,2022-06,2022,Jun2022,Oriental Aromat.,Oriental Aromatics Ltd,500078,INE959C01023,B,Small Cap,Y,Y,1645.66,00000014,Chemicals,00000022,Chemicals,Company,OAL,Active,Active,OAL,Y,Nutral,0,Jun2022,0,0,0.0,0.0,0.0,0.0,0.0,0.0,0.0,0.0,0.0,0.0,0.0,0.0,0.0,0.0,0.0,0.0,0.0,0.0,0.0,0.0,0.0,0.0,0.0,0.0,0.0,0.0,0.0,0.0,0.0,0.0,0.0,0.0,0.0,0.0,0.0,0.0,0.0,0.0,0.0,0.0,0.0,0.0,0.0,0.0,0.0,0.0,0.0,0.0,0.0,0.0,0.0,0.0,0.0,0.0,0.0,0.0,0.0,0.0,0.0,0.0,24960000.0,74.1675,0.0,0.0,0.0,0.0,628.0,0.0019,48465.0,0.144,1772614.0,0.0,0.0,0.0,255400.0,0.7589,6616469.0,24.9278,31880962.0,74.16940000000001
100,2022-03,2022,Mar2022,Oriental Aromat.,Oriental Aromatics Ltd,500078,INE959C01023,B,Small Cap,Y,Y,1645.66,00000014,Chemicals,00000022,Chemicals,Company,OAL,Active,Active,OAL,Y,Nutral,S,Mar2022,00000014,00000022,0.0,872.66,4.38,919.81,0.0,0.0,12.51,4.1,49.6,821.97,16.95,76.78,22.29,0.0,0.43,-0.13,54.190000000000005,0.0,497.17,5.05,546.18,5.05,0.0,30.0,1.5,2.44,0.0,765.0500000000001,42.77,0.0,0.0,54.06,16.06,16.06,180.11,180.11,870.22,-3.87,0.0,93.73,0.0,0.0,0.0,0.0,0.0,0.0,0.0,0.0,0.0,0.0,0.0,872.66,0.0,42.77,615.58,46.31,53.56,40.54,0.0,97.83,24960000.0,74.1675,0.0,0.0,0.0,0.0,628.0,0.0019,37270.0,0.1107,1885592.0,0.0,0.0,0.0,213280.0,0.6338,6556806.0,25.0862,31767984.0,74.16940000000001
100,2022-03,2022,Mar2022,Oriental Aromat.,Oriental Aromatics Ltd,500078,INE959C01023,B,Small Cap,Y,Y,1645.66,00000014,Chemicals,00000022,Chemicals,Company,OAL,Active,Active,OAL,Y,Nutral,C,Mar2022,00000014,00000022,0.0,872.66,4.41,919.8399999999999,0.0,0.0,12.79,4.05,50.09,822.9,17.01,75.88,22.29,0.0,0.28,-0.13,53.43,0.0,497.05,5.05,545.31,0.0,0.0,0.0,1.5,2.44,0.0,765.5400000000001,42.77,0.0,0.0,53.3,0.0,0.0,179.84,179.84,870.22,-3.87,0.0,92.89,0.0,0.0,0.0,0.0,0.0,53.3,30.0,15.84,15.84,15.84,15.84,872.66,0.0,42.77,615.58,46.31,53.56,40.7,0.0,96.94,24960000.0,74.1675,0.0,0.0,0.0,0.0,628.0,0.0019,37270.0,0.1107,1885592.0,0.0,0.0,0.0,213280.0,0.6338,6556806.0,25.0862,31767984.0,74.16940000000001
100,2021-12,2021,Dec2021,Oriental Aromat.,Oriental Aromatics Ltd,500078,INE959C01023,B,Small Cap,Y,Y,1645.66,00000014,Chemicals,00000022,Chemicals,Company,OAL,Active,Active,OAL,Y,Nutral,0,Dec2021,0,0,0.0,0.0,0.0,0.0,0.0,0.0,0.0,0.0,0.0,0.0,0.0,0.0,0.0,0.0,0.0,0.0,0.0,0.0,0.0,0.0,0.0,0.0,0.0,0.0,0.0,0.0,0.0,0.0,0.0,0.0,0.0,0.0,0.0,0.0,0.0,0.0,0.0,0.0,0.0,0.0,0.0,0.0,0.0,0.0,0.0,0.0,0.0,0.0,0.0,0.0,0.0,0.0,0.0,0.0,0.0,0.0,0.0,0.0,0.0,0.0,24960000.0,74.1675,0.0,0.0,0.0,0.0,628.0,0.0019,28201.0,0.0838,1725051.0,0.0,0.0,0.0,0.0,0.0,6939696.0,25.7469,31928525.0,74.16940000000001
100,2021-09,2021,Sep2021,Oriental Aromat.,Oriental Aromatics Ltd,500078,INE959C01023,B,Small Cap,Y,Y,1645.66,00000014,Chemicals,00000022,Chemicals,Company,OAL,Active,Active,OAL,Y,Nutral,0,Sep2021,0,0,0.0,0.0,0.0,0.0,0.0,0.0,0.0,0.0,0.0,0.0,0.0,0.0,0.0,0.0,0.0,0.0,0.0,0.0,0.0,0.0,0.0,0.0,0.0,0.0,0.0,0.0,0.0,0.0,0.0,0.0,0.0,0.0,0.0,0.0,0.0,0.0,0.0,0.0,0.0,0.0,0.0,0.0,0.0,0.0,0.0,0.0,0.0,0.0,0.0,0.0,0.0,0.0,0.0,0.0,0.0,0.0,0.0,0.0,0.0,0.0,24960000.0,74.1675,0.0,0.0,0.0,0.0,628.0,0.0019,21693.0,0.0645,1720008.0,0.0,0.0,0.0,0.0,0.0,6951247.0,25.7662,31933568.0,74.16940000000001
100,2021-06,2021,Jun2021,Oriental Aromat.,Oriental Aromatics Ltd,500078,INE959C01023,B,Small Cap,Y,Y,1645.66,00000014,Chemicals,00000022,Chemicals,Company,OAL,Active,Active,OAL,Y,Nutral,0,Jun2021,0,0,0.0,0.0,0.0,0.0,0.0,0.0,0.0,0.0,0.0,0.0,0.0,0.0,0.0,0.0,0.0,0.0,0.0,0.0,0.0,0.0,0.0,0.0,0.0,0.0,0.0,0.0,0.0,0.0,0.0,0.0,0.0,0.0,0.0,0.0,0.0,0.0,0.0,0.0,0.0,0.0,0.0,0.0,0.0,0.0,0.0,0.0,0.0,0.0,0.0,0.0,0.0,0.0,0.0,0.0,0.0,0.0,0.0,0.0,0.0,0.0,24960000.0,74.1675,0.0,0.0,0.0,0.0,628.0,0.0019,12293.0,0.0365,1720678.0,0.0,0.0,0.0,0.0,0.0,6959977.0,25.7942,31932898.0,74.16940000000001
100,2021-03,2021,Mar2021,Oriental Aromat.,Oriental Aromatics Ltd,500078,INE959C01023,B,Small Cap,Y,Y,1645.66,00000014,Chemicals,00000022,Chemicals,Company,OAL,Active,Active,OAL,Y,Nutral,S,Mar2021,00000014,00000022,0.0,712.39,1.76,734.0699999999999,0.0,0.0,13.23,2.4,39.38,576.75,17.46,137.45,34.41,0.0,0.62,-0.54,102.97000000000001,0.0,403.16,8.41,497.17,8.41,0.0,50.0,2.5,1.89,0.0,529.6,19.92,0.0,0.0,102.43,30.44,30.44,165.65,165.65,710.5,0.0,0.0,154.91,0.0,0.0,0.0,0.0,0.0,0.0,0.0,0.0,0.0,0.0,0.0,712.39,0.0,19.92,414.52,33.77,41.93,33.93,0.0,157.31,24960000.0,74.1675,0.0,0.0,0.0,0.0,628.0,0.0019,0.0,0.0,1713325.0,0.0925,0.0,0.0,0.0,0.0,6979623.0,25.7382,31940251.0,74.16940000000001
100,2021-03,2021,Mar2021,Oriental Aromat.,Oriental Aromatics Ltd,500078,INE959C01023,B,Small Cap,Y,Y,1645.66,00000014,Chemicals,00000022,Chemicals,Company,OAL,Active,Active,OAL,Y,Nutral,C,Mar2021,00000014,00000022,0.0,712.39,1.65,733.9599999999999,0.0,0.0,13.56,2.31,39.46,577.23,17.46,136.95999999999998,34.41,0.0,0.61,-0.54,102.48,0.0,403.53,8.41,497.05,8.41,0.0,0.0,2.5,1.89,0.0,529.68,19.92,0.0,0.0,101.94,0.0,0.0,165.59,165.59,710.5,0.0,0.0,154.42,0.0,0.0,0.0,0.0,0.0,101.94,50.0,30.29,30.29,30.29,30.29,712.39,0.0,19.92,414.52,33.77,41.93,33.98,0.0,156.73,24960000.0,74.1675,0.0,0.0,0.0,0.0,628.0,0.0019,0.0,0.0,1713325.0,0.0925,0.0,0.0,0.0,0.0,6979623.0,25.7382,31940251.0,74.16940000000001
100,2020-12,2020,Dec2020,Oriental Aromat.,Oriental Aromatics Ltd,500078,INE959C01023,B,Small Cap,Y,Y,1645.66,00000014,Chemicals,00000022,Chemicals,Company,OAL,Active,Active,OAL,Y,Nutral,0,Dec2020,0,0,0.0,0.0,0.0,0.0,0.0,0.0,0.0,0.0,0.0,0.0,0.0,0.0,0.0,0.0,0.0,0.0,0.0,0.0,0.0,0.0,0.0,0.0,0.0,0.0,0.0,0.0,0.0,0.0,0.0,0.0,0.0,0.0,0.0,0.0,0.0,0.0,0.0,0.0,0.0,0.0,0.0,0.0,0.0,0.0,0.0,0.0,0.0,0.0,0.0,0.0,0.0,0.0,0.0,0.0,0.0,0.0,0.0,0.0,0.0,0.0,24960000.0,74.1675,0.0,0.0,0.0,0.0,628.0,0.0019,0.0,0.0,1685206.0,0.2124,0.0,0.0,0.0,0.0,7007742.0,25.6182,31968370.0,74.16940000000001
100,2020-09,2020,Sep2020,Oriental Aromat.,Oriental Aromatics Ltd,500078,INE959C01023,B,Small Cap,Y,Y,1645.66,00000014,Chemicals,00000022,Chemicals,Company,OAL,Active,Active,OAL,Y,Nutral,0,Sep2020,0,0,0.0,0.0,0.0,0.0,0.0,0.0,0.0,0.0,0.0,0.0,0.0,0.0,0.0,0.0,0.0,0.0,0.0,0.0,0.0,0.0,0.0,0.0,0.0,0.0,0.0,0.0,0.0,0.0,0.0,0.0,0.0,0.0,0.0,0.0,0.0,0.0,0.0,0.0,0.0,0.0,0.0,0.0,0.0,0.0,0.0,0.0,0.0,0.0,0.0,0.0,0.0,0.0,0.0,0.0,0.0,0.0,0.0,0.0,0.0,0.0,24960000.0,74.1675,0.0,0.0,0.0,0.0,628.0,0.0019,0.0,0.0,1713839.0,0.2271,0.0,0.0,0.0,0.0,6979109.0,25.6036,31939737.0,74.16940000000001
100,2020-06,2020,Jun2020,Oriental Aromat.,Oriental Aromatics Ltd,500078,INE959C01023,B,Small Cap,Y,Y,1645.66,00000014,Chemicals,00000022,Chemicals,Company,OAL,Active,Active,OAL,Y,Nutral,0,Jun2020,0,0,0.0,0.0,0.0,0.0,0.0,0.0,0.0,0.0,0.0,0.0,0.0,0.0,0.0,0.0,0.0,0.0,0.0,0.0,0.0,0.0,0.0,0.0,0.0,0.0,0.0,0.0,0.0,0.0,0.0,0.0,0.0,0.0,0.0,0.0,0.0,0.0,0.0,0.0,0.0,0.0,0.0,0.0,0.0,0.0,0.0,0.0,0.0,0.0,0.0,0.0,0.0,0.0,0.0,0.0,0.0,0.0,0.0,0.0,0.0,0.0,24960000.0,74.1675,0.0,0.0,0.0,0.0,628.0,0.0019,0.0,0.0,1713643.0,0.2271,0.0,0.0,0.0,0.0,6979305.0,25.6036,31939933.0,74.16940000000001
100,2020-03,2020,Mar2020,Oriental Aromat.,Oriental Aromatics Ltd,500078,INE959C01023,B,Small Cap,Y,Y,1645.66,00000014,Chemicals,00000022,Chemicals,Company,OAL,Active,Active,OAL,Y,Nutral,S,Mar2020,00000014,00000022,0.0,762.84,6.28,778.15,0.0,0.0,9.45,11.95,35.73,643.6700000000001,19.02,103.5,24.68,0.0,-7.93,-0.08,86.83,-2.42,330.61,11.78,403.16,0.0,0.0,50.0,2.5,1.37,0.0,598.8800000000001,9.03,0.0,0.0,86.75,25.78,25.78,137.82,137.82,761.47,0.0,0.0,122.52,0.0,0.0,0.0,0.0,0.0,0.0,0.0,0.0,0.0,0.0,0.0,762.84,0.0,9.03,485.97,35.73,41.45,35.34,0.0,134.47,24960000.0,74.1675,0.0,0.0,0.0,0.0,628.0,0.0019,0.0,0.0,1697371.0,0.2271,0.0,0.0,0.0,0.0,6995577.0,25.6036,31956205.0,74.16940000000001
100,2020-03,2020,Mar2020,Oriental Aromat.,Oriental Aromatics Ltd,500078,INE959C01023,B,Small Cap,Y,Y,1645.66,00000014,Chemicals,00000022,Chemicals,Company,OAL,Active,Active,OAL,Y,Nutral,C,Mar2020,00000014,00000022,0.0,763.3,6.63,778.9599999999999,0.0,0.0,10.3,11.92,35.81,645.12,19.02,102.9,24.68,0.0,-7.97,-0.08,86.27,-2.42,331.54,11.78,403.53,0.0,0.0,0.0,2.5,1.37,0.0,599.21,9.03,0.0,0.0,86.19,0.0,0.0,137.92,137.92,761.93,0.0,0.0,121.92,0.0,0.0,0.0,0.0,0.0,86.19,50.0,25.61,25.61,25.61,25.61,763.3,0.0,9.03,486.31,35.73,41.36,35.61,0.0,133.84,24960000.0,74.1675,0.0,0.0,0.0,0.0,628.0,0.0019,0.0,0.0,1697371.0,0.2271,0.0,0.0,0.0,0.0,6995577.0,25.6036,31956205.0,74.16940000000001
100,2019-12,2019,Dec2019,Oriental Aromat.,Oriental Aromatics Ltd,500078,INE959C01023,B,Small Cap,Y,Y,1645.66,00000014,Chemicals,00000022,Chemicals,Company,OAL,Active,Active,OAL,Y,Nutral,0,Dec2019,0,0,0.0,0.0,0.0,0.0,0.0,0.0,0.0,0.0,0.0,0.0,0.0,0.0,0.0,0.0,0.0,0.0,0.0,0.0,0.0,0.0,0.0,0.0,0.0,0.0,0.0,0.0,0.0,0.0,0.0,0.0,0.0,0.0,0.0,0.0,0.0,0.0,0.0,0.0,0.0,0.0,0.0,0.0,0.0,0.0,0.0,0.0,0.0,0.0,0.0,0.0,0.0,0.0,0.0,0.0,0.0,0.0,0.0,0.0,0.0,0.0,24960000.0,74.1675,0.0,0.0,0.0,0.0,2052.0,0.0061,0.0,0.0,1715300.0,0.2271,0.0,0.0,0.0,0.0,6976224.0,25.5993,31938276.0,74.17360000000001
100,2019-09,2019,Sep2019,Oriental Aromat.,Oriental Aromatics Ltd,500078,INE959C01023,B,Small Cap,Y,Y,1645.66,00000014,Chemicals,00000022,Chemicals,Company,OAL,Active,Active,OAL,Y,Nutral,0,Sep2019,0,0,0.0,0.0,0.0,0.0,0.0,0.0,0.0,0.0,0.0,0.0,0.0,0.0,0.0,0.0,0.0,0.0,0.0,0.0,0.0,0.0,0.0,0.0,0.0,0.0,0.0,0.0,0.0,0.0,0.0,0.0,0.0,0.0,0.0,0.0,0.0,0.0,0.0,0.0,0.0,0.0,0.0,0.0,0.0,0.0,0.0,0.0,0.0,0.0,0.0,0.0,0.0,0.0,0.0,0.0,0.0,0.0,0.0,0.0,0.0,0.0,24960000.0,74.1675,0.0,0.0,0.0,0.0,628.0,0.0019,0.0,0.0,1714434.0,0.2271,0.0,0.0,0.0,0.0,6978514.0,25.6036,31939142.0,74.16940000000001
100,2019-06,2019,Jun2019,Oriental Aromat.,Oriental Aromatics Ltd,500078,INE959C01023,B,Small Cap,Y,Y,1645.66,00000014,Chemicals,00000022,Chemicals,Company,OAL,Active,Active,OAL,Y,Nutral,0,Jun2019,0,0,0.0,0.0,0.0,0.0,0.0,0.0,0.0,0.0,0.0,0.0,0.0,0.0,0.0,0.0,0.0,0.0,0.0,0.0,0.0,0.0,0.0,0.0,0.0,0.0,0.0,0.0,0.0,0.0,0.0,0.0,0.0,0.0,0.0,0.0,0.0,0.0,0.0,0.0,0.0,0.0,0.0,0.0,0.0,0.0,0.0,0.0,0.0,0.0,0.0,0.0,0.0,0.0,0.0,0.0,0.0,0.0,0.0,0.0,0.0,0.0,24960000.0,74.1675,0.0,0.0,0.0,0.0,628.0,0.0019,0.0,0.0,1749845.0,0.2271,0.0,0.0,0.0,0.0,6943103.0,25.6036,31903731.0,74.16940000000001
100,2019-03,2019,Mar2019,Oriental Aromat.,Oriental Aromatics Ltd,500078,INE959C01023,B,Small Cap,Y,Y,1645.66,00000014,Chemicals,00000022,Chemicals,Company,OAL,Active,Active,OAL,Y,Nutral,S,Mar2019,00000014,00000022,0.0,752.55,1.27,778.3599999999999,0.0,0.0,19.04,12.97,30.72,671.78,17.71,75.9,16.35,0.0,9.67,-6.04,55.92,-0.35,282.76,1.69,330.61,0.0,0.0,20.0,1.0,1.54,0.0,615.2800000000001,24.54,0.0,0.0,49.88,14.82,14.82,116.48,116.48,751.01,0.0,0.0,93.61,0.0,0.0,0.0,0.0,0.0,0.0,0.0,0.0,0.0,0.0,0.0,752.55,0.0,24.54,521.76,34.21,28.59,37.47,0.0,106.58,0.0,0.0,0.0,0.0,0.0,0.0,0.0,0.0,0.0,0.0,0.0,0.0,0.0,0.0,0.0,0.0,0.0,0.0,0.0,0.0
100,2019-03,2019,Mar2019,Oriental Aromat.,Oriental Aromatics Ltd,500078,INE959C01023,B,Small Cap,Y,Y,1645.66,00000014,Chemicals,00000022,Chemicals,Company,OAL,Active,Active,OAL,Y,Nutral,C,Mar2019,00000014,00000022,0.0,754.69,1.27,780.5,0.0,0.0,11.69,12.99,31.49,666.55,17.8,83.17,16.35,0.0,9.68,-1.79,58.93,0.63,275.45,1.69,331.54,0.0,0.0,0.0,1.0,1.54,0.0,616.4100000000001,24.54,0.0,0.0,57.14,0.0,0.0,116.46,116.46,753.15,0.0,0.0,100.97,0.0,0.0,0.0,0.0,0.0,57.14,20.0,16.98,16.98,16.98,16.98,754.69,0.0,24.54,522.12,34.21,28.59,38.45,0.0,113.96,0.0,0.0,0.0,0.0,0.0,0.0,0.0,0.0,0.0,0.0,0.0,0.0,0.0,0.0,0.0,0.0,0.0,0.0,0.0,0.0
100,2018-03,2018,Mar2018,Oriental Aromat.,Oriental Aromatics Ltd,500078,INE959C01023,B,Small Cap,Y,Y,1645.66,00000014,Chemicals,00000022,Chemicals,Company,OAL,Active,Active,OAL,Y,Nutral,S,Mar2018,00000014,00000022,0.0,505.7,4.1,513.11,0.0,0.0,7.5,6.88,25.68,443.15,14.76,48.32,15.48,0.0,2.51,-0.28,30.61,0.0,257.11,4.68,282.76,1.682684,0.0,20.0,2.0,2.0,0.0,407.77,3.31,0.0,0.0,30.33,36.05,9.01261265765822,102.4012800160002,409.6,503.7,0.0,0.0,63.08,0.0,0.0,0.0,0.0,0.0,0.0,0.0,0.0,0.0,0.0,0.0,505.7,0.0,3.31,330.44,28.01,23.64,27.88,0.0,69.96,0.0,0.0,0.0,0.0,0.0,0.0,0.0,0.0,0.0,0.0,0.0,0.0,0.0,0.0,0.0,0.0,0.0,0.0,0.0,0.0
100,2018-03,2018,Mar2018,Oriental Aromat.,Oriental Aromatics Ltd,500078,INE959C01023,B,Small Cap,Y,Y,1645.66,00000014,Chemicals,00000022,Chemicals,Company,OAL,Active,Active,OAL,Y,Nutral,C,Mar2018,00000014,00000022,0.0,506.03,0.36,509.7,0.0,0.0,7.71,7.32,26.15,444.59999999999997,14.82,42.97,15.48,0.0,2.5,-0.26,25.240000000000002,0.0,255.15,4.68,275.45,1.682684,0.0,0.0,2.0,2.0,0.0,408.5799999999999,3.31,0.0,0.0,24.98,0.0,0.0,100.31125389067363,401.24,504.04,0.0,0.0,57.79,0.0,0.0,0.0,0.0,0.0,24.98,20.0,29.69,7.42259278240978,29.69,7.42259278240978,506.03,0.0,3.31,330.78,28.01,23.64,28.31,0.0,65.11,0.0,0.0,0.0,0.0,0.0,0.0,0.0,0.0,0.0,0.0,0.0,0.0,0.0,0.0,0.0,0.0,0.0,0.0,0.0,0.0
100,2017-03,2017,Mar2017,Oriental Aromat.,Oriental Aromatics Ltd,500078,INE959C01023,B,Small Cap,Y,Y,1645.66,00000014,Chemicals,00000022,Chemicals,Company,OAL,Active,Active,OAL,Y,Nutral,S,Mar2017,00000014,00000022,0.0,455.56,1.28,453.07,0.0,0.0,7.24,4.81,23.0,393.72,14.22,40.33,12.52,0.0,2.2,-0.02,25.63,-0.23,232.43,0.93,256.88,0.770051099999999,0.0,15.0,1.5,1.18,0.0,364.8,-3.77,0.0,0.0,25.61,49.88,12.47,153.605,614.42,454.38,0.0,0.0,54.55,0.0,0.0,0.0,0.0,0.0,0.0,0.0,0.0,0.0,0.0,0.0,455.56,0.0,-3.77,293.12,27.36,21.32,21.67,0.0,59.36,0.0,0.0,0.0,0.0,0.0,0.0,0.0,0.0,0.0,0.0,0.0,0.0,0.0,0.0,0.0,0.0,0.0,0.0,0.0,0.0
100,2017-03,2017,Mar2017,Oriental Aromat.,Oriental Aromatics Ltd,500078,INE959C01023,B,Small Cap,Y,Y,1645.66,00000014,Chemicals,00000022,Chemicals,Company,OAL,Active,Active,OAL,Y,Nutral,C,Mar2017,00000014,00000022,0.0,457.75,6.98,460.96000000000004,0.0,0.0,8.6,5.34,23.22,397.13,14.3,44.19,14.11,0.0,2.2,-0.31,28.2,-0.93,228.19,0.0,255.15,0.7700511,0.0,0.0,1.5,1.18,0.0,364.61,-3.77,0.0,0.0,27.89,0.0,0.0,152.5325,610.13,456.57,0.0,0.0,58.49,0.0,0.0,0.0,0.0,0.0,27.89,15.0,54.32,13.58,54.32,13.58,457.75,0.0,-3.77,292.51,27.4,21.48,23.91,0.0,63.83,0.0,0.0,0.0,0.0,0.0,0.0,0.0,0.0,0.0,0.0,0.0,0.0,0.0,0.0,0.0,0.0,0.0,0.0,0.0,0.0
100,2016-03,2016,Mar2016,Oriental Aromat.,Oriental Aromatics Ltd,500078,INE959C01023,B,Small Cap,Y,Y,1645.66,00000014,Chemicals,00000022,Chemicals,Company,OAL,Active,Active,OAL,Y,Nutral,S,Mar2016,00000014,00000022,0.0,350.91999999999996,3.13,345.67999999999995,0.0,0.0,4.11,9.46,15.47,292.88,9.42,33.92,7.96,0.0,3.27,0.52,22.17,0.0,80.75,0.93,102.51,0.77,0.0,15.0,1.5,0.22,0.0,277.53000000000003,-8.37,0.0,0.0,22.69,44.19,11.047997159872192,75.81591171602722,303.25,375.05,0.0,0.0,43.34,0.0,0.0,0.0,0.0,0.0,0.0,0.0,0.0,0.0,0.0,0.0,375.27,24.35,-8.37,216.35,28.4,17.31,11.24,0.0,52.800000000000004,0.0,0.0,0.0,0.0,0.0,0.0,0.0,0.0,0.0,0.0,0.0,0.0,0.0,0.0,0.0,0.0,0.0,0.0,0.0,0.0
100,2015-03,2015,Mar2015,Oriental Aromat.,Oriental Aromatics Ltd,500078,INE959C01023,B,Small Cap,Y,Y,1645.66,00000014,Chemicals,00000022,Chemicals,Company,OAL,Active,Active,OAL,Y,Nutral,S,Mar2015,00000014,00000022,0.0,355.06,3.34,361.58,0.0,0.0,2.37,10.62,14.35,315.24,8.78,26.939999999999998,5.9,0.0,1.78,0.97,18.290000000000003,-0.55,62.97,0.93,80.75,0.77,0.0,15.0,1.5,0.47,0.0,302.89,3.18,0.0,0.0,19.26,37.51,9.3775,65.215,260.86,379.99,0.0,0.0,35.72,0.0,0.0,0.0,0.0,0.0,0.0,0.0,0.0,0.0,0.0,0.0,380.46,25.4,3.18,242.95,29.58,16.01,9.97,0.0,46.339999999999996,0.0,0.0,0.0,0.0,0.0,0.0,0.0,0.0,0.0,0.0,0.0,0.0,0.0,0.0,0.0,0.0,0.0,0.0,0.0,0.0
100,2014-03,2014,Mar2014,Oriental Aromat.,Oriental Aromatics Ltd,500078,INE959C01023,B,Small Cap,Y,Y,1645.66,00000014,Chemicals,00000022,Chemicals,Company,OAL,Active,Active,OAL,Y,Nutral,S,Mar2014,00000014,00000022,0.0,309.33,3.28,325.10999999999996,0.0,0.0,4.64,9.5,12.68,276.65999999999997,7.68,31.259999999999998,6.4,0.0,4.75,0.22,19.89,0.0,45.57,2.71,62.97,1.03,0.0,20.0,2.0,0.85,0.0,263.77,12.5,0.0,0.0,20.11,39.17,9.7925,56.555,226.22,332.17,0.0,0.0,38.94,0.0,0.0,0.0,0.0,0.0,0.0,0.0,0.0,0.0,0.0,0.0,333.03,23.7,12.5,211.6,26.53,12.96,8.24,0.0,48.44,0.0,0.0,0.0,0.0,0.0,0.0,0.0,0.0,0.0,0.0,0.0,0.0,0.0,0.0,0.0,0.0,0.0,0.0,0.0,0.0
100,2013-03,2013,Mar2013,Oriental Aromat.,Oriental Aromatics Ltd,500078,INE959C01023,B,Small Cap,Y,Y,1645.66,00000014,Chemicals,00000022,Chemicals,Company,OAL,Active,Active,OAL,Y,Nutral,S,Mar2013,00000014,00000022,0.0,216.82,7.91,237.15999999999997,0.0,0.0,5.12,1.27,10.36,197.98000000000002,3.14,34.76,7.51,0.0,3.31,4.04,19.900000000000002,0.0,21.63,0.0,45.57,0.0,0.0,0.0,0.0,1.16,0.0,186.60000000000002,12.43,0.0,0.0,23.94,46.63,11.6575,47.35,189.4,235.34,0.0,0.0,37.9,0.0,0.0,0.0,0.0,0.0,0.0,0.0,0.0,0.0,0.0,0.0,236.51,19.69,12.43,148.49,21.49,6.26,6.26,0.0,39.17,0.0,0.0,0.0,0.0,0.0,0.0,0.0,0.0,0.0,0.0,0.0,0.0,0.0,0.0,0.0,0.0,0.0,0.0,0.0,0.0
100,2012-03,2012,Mar2012,Oriental Aromat.,Oriental Aromatics Ltd,500078,INE959C01023,B,Small Cap,Y,Y,1645.66,00000014,Chemicals,00000022,Chemicals,Company,OAL,Active,Active,OAL,Y,Nutral,S,Mar2012,00000014,00000022,0.0,202.24,0.4,192.0,0.0,0.0,5.7,2.45,9.66,183.71,2.75,3.09,1.13,0.0,-0.16,-2.27,4.390000000000001,0.0,19.51,0.0,21.63,0.0,0.0,0.0,0.0,0.19,0.0,173.12,-10.64,0.0,0.0,2.12,4.13,1.0324019218174274,35.71410715981982,142.87,217.55,0.0,0.0,5.84,0.0,0.0,0.0,0.0,0.0,0.0,0.0,0.0,0.0,0.0,0.0,217.74,15.5,-10.64,142.27,16.45,4.74,4.89,0.0,8.29,0.0,0.0,0.0,0.0,0.0,0.0,0.0,0.0,0.0,0.0,0.0,0.0,0.0,0.0,0.0,0.0,0.0,0.0,0.0,0.0
100,2011-03,2011,Mar2011,Oriental Aromat.,Oriental Aromatics Ltd,500078,INE959C01023,B,Small Cap,Y,Y,1645.66,00000014,Chemicals,00000022,Chemicals,Company,OAL,Active,Active,OAL,Y,Nutral,S,Mar2011,00000014,00000022,0.0,216.83,1.54,227.42000000000002,0.0,0.0,2.75,1.85,7.77,212.56,2.64,10.37,3.54,0.0,-0.82,0.0,7.65,0.0,13.75,1.89,19.51,0.77,0.0,15.0,1.5,0.19,0.0,204.56,9.05,0.0,0.0,7.65,14.68,3.6704129214536634,34.686402220249775,138.73,233.65,0.0,0.0,13.01,0.0,0.0,0.0,0.0,0.0,0.0,0.0,0.0,0.0,0.0,0.0,233.84,17.01,9.05,174.89,17.27,4.63,5.25,0.0,14.86,0.0,0.0,0.0,0.0,0.0,0.0,0.0,0.0,0.0,0.0,0.0,0.0,0.0,0.0,0.0,0.0,0.0,0.0,0.0,0.0
140,2024-06,2024,Jun2024,DMCC Speciality,DMCC Speciality Chemicals Ltd,506405,INE505A01010,B,Small Cap,Y,Y,649.06,00000014,Chemicals,00000022,Chemicals,Company,DMCC,Active,Active,DMCC,Y,Nutral,0,Jun2024,0,0,0.0,0.0,0.0,0.0,0.0,0.0,0.0,0.0,0.0,0.0,0.0,0.0,0.0,0.0,0.0,0.0,0.0,0.0,0.0,0.0,0.0,0.0,0.0,0.0,0.0,0.0,0.0,0.0,0.0,0.0,0.0,0.0,0.0,0.0,0.0,0.0,0.0,0.0,0.0,0.0,0.0,0.0,0.0,0.0,0.0,0.0,0.0,0.0,0.0,0.0,0.0,0.0,0.0,0.0,0.0,0.0,0.0,0.0,0.0,0.0,13428614.0,53.8439,0.0,0.0,0.0,0.0,304446.0,1.2207,14964.0,0.06,2076770.0,0.0084,200.0,0.0008,2204.0,0.0088,9112735.0,44.8574,22863163.0,55.0654
140,2024-03,2024,Mar2024,DMCC Speciality,DMCC Speciality Chemicals Ltd,506405,INE505A01010,B,Small Cap,Y,Y,649.06,00000014,Chemicals,00000022,Chemicals,Company,DMCC,Active,Active,DMCC,Y,Nutral,C,Mar2024,00000014,00000022,0.0,327.95,10.44,333.63,0.0,0.0,19.96,13.76,23.79,286.91999999999996,15.71,17.25,2.96,0.0,2.7,5.69,5.8999999999999995,0.0,151.46,0.0,163.05,0.0,0.0,0.0,1.0,7.37,0.0,244.79,-4.76,0.0,1.09,11.59,0.0,0.0,84.02,84.02,320.59,0.0,0.0,32.96,0.0,0.0,0.0,0.0,0.0,11.59,10.0,4.65,4.65,4.65,4.65,327.95,0.0,-4.76,194.67,14.39,11.94,22.16,0.0,46.72,13428614.0,53.8439,0.0,0.0,0.0,0.0,304446.0,1.2207,438.0,0.0018,2060654.0,0.0084,200.0,0.0008,2204.0,0.0088,9143377.0,44.9156,22879279.0,55.0654
140,2023-12,2023,Dec2023,DMCC Speciality,DMCC Speciality Chemicals Ltd,506405,INE505A01010,B,Small Cap,Y,Y,649.06,00000014,Chemicals,00000022,Chemicals,Company,DMCC,Active,Active,DMCC,Y,Nutral,0,Dec2023,0,0,0.0,0.0,0.0,0.0,0.0,0.0,0.0,0.0,0.0,0.0,0.0,0.0,0.0,0.0,0.0,0.0,0.0,0.0,0.0,0.0,0.0,0.0,0.0,0.0,0.0,0.0,0.0,0.0,0.0,0.0,0.0,0.0,0.0,0.0,0.0,0.0,0.0,0.0,0.0,0.0,0.0,0.0,0.0,0.0,0.0,0.0,0.0,0.0,0.0,0.0,0.0,0.0,0.0,0.0,0.0,0.0,0.0,0.0,0.0,0.0,13428614.0,53.8439,0.0,0.0,0.0,0.0,304446.0,1.2207,0.0,0.0,2085231.0,0.0266,200.0,0.0008,2204.0,0.0088,9119238.0,44.8992,22854702.0,55.0654
140,2023-09,2023,Sep2023,DMCC Speciality,DMCC Speciality Chemicals Ltd,506405,INE505A01010,B,Small Cap,Y,Y,649.06,00000014,Chemicals,00000022,Chemicals,Company,DMCC,Active,Active,DMCC,Y,Nutral,0,Sep2023,0,0,0.0,0.0,0.0,0.0,0.0,0.0,0.0,0.0,0.0,0.0,0.0,0.0,0.0,0.0,0.0,0.0,0.0,0.0,0.0,0.0,0.0,0.0,0.0,0.0,0.0,0.0,0.0,0.0,0.0,0.0,0.0,0.0,0.0,0.0,0.0,0.0,0.0,0.0,0.0,0.0,0.0,0.0,0.0,0.0,0.0,0.0,0.0,0.0,0.0,0.0,0.0,0.0,0.0,0.0,0.0,0.0,0.0,0.0,0.0,0.0,13428614.0,53.8439,0.0,0.0,0.0,0.0,304981.0,1.2229,0.0,0.0,1845371.0,0.0108,200.0,0.0008,2204.0,0.0088,9358563.0,44.9128,23094562.0,55.0676
140,2023-06,2023,Jun2023,DMCC Speciality,DMCC Speciality Chemicals Ltd,506405,INE505A01010,B,Small Cap,Y,Y,649.06,00000014,Chemicals,00000022,Chemicals,Company,DMCC,Active,Active,DMCC,Y,Nutral,0,Jun2023,0,0,0.0,0.0,0.0,0.0,0.0,0.0,0.0,0.0,0.0,0.0,0.0,0.0,0.0,0.0,0.0,0.0,0.0,0.0,0.0,0.0,0.0,0.0,0.0,0.0,0.0,0.0,0.0,0.0,0.0,0.0,0.0,0.0,0.0,0.0,0.0,0.0,0.0,0.0,0.0,0.0,0.0,0.0,0.0,0.0,0.0,0.0,0.0,0.0,0.0,0.0,0.0,0.0,0.0,0.0,0.0,0.0,0.0,0.0,0.0,0.0,13428614.0,53.8438,0.0,0.0,0.0,0.0,304981.0,1.2229,0.0,0.0,1830449.0,0.0108,200.0,0.0008,2204.0,0.0088,9373485.0,44.9128,23109484.0,55.0675
140,2023-03,2023,Mar2023,DMCC Speciality,DMCC Speciality Chemicals Ltd,506405,INE505A01010,B,Small Cap,Y,Y,649.06,00000014,Chemicals,00000022,Chemicals,Company,DMCC,Active,Active,DMCC,Y,Nutral,S,Mar2023,00000014,00000022,0.0,384.6,4.71,401.08,0.0,0.0,20.94,10.58,23.87,362.41999999999996,17.58,10.5,1.88,0.0,1.77,0.78,6.08,0.0,146.82,2.49,151.18,0.0,0.0,0.0,0.0,3.12,0.0,318.38,11.77,0.0,1.26,6.86,2.75,2.75,79.35,79.35,381.48,0.0,0.0,28.08,0.0,0.0,0.0,0.0,0.0,0.0,0.0,0.0,0.0,0.0,0.0,384.6,0.0,11.77,258.76,16.95,18.8,23.1,0.0,38.66,13428614.0,53.843799999999995,0.0,0.0,0.0,0.0,304981.0,1.2229,13541.0,0.0543,1851828.0,0.0108,200.0,0.0008,2204.0,0.0088,9338565.0,44.8585,23088105.0,55.067499999999995
140,2023-03,2023,Mar2023,DMCC Speciality,DMCC Speciality Chemicals Ltd,506405,INE505A01010,B,Small Cap,Y,Y,649.06,00000014,Chemicals,00000022,Chemicals,Company,DMCC,Active,Active,DMCC,Y,Nutral,C,Mar2023,00000014,00000022,0.0,386.65,2.94,401.35999999999996,0.0,0.0,21.1,10.58,23.87,362.58,17.61,10.59,1.9,0.0,1.77,0.78,6.1499999999999995,0.0,147.03,2.49,151.46,0.0,0.0,0.0,0.0,5.04,0.0,318.38,11.77,0.0,1.26,6.93,0.0,0.0,79.49,79.49,381.61,0.0,0.0,28.2,0.0,0.0,0.0,0.0,0.0,6.93,0.0,2.78,2.78,2.78,2.78,386.65,0.0,11.77,258.76,16.95,18.8,23.1,0.0,38.78,13428614.0,53.843799999999995,0.0,0.0,0.0,0.0,304981.0,1.2229,13541.0,0.0543,1851828.0,0.0108,200.0,0.0008,2204.0,0.0088,9338565.0,44.8585,23088105.0,55.067499999999995
140,2022-12,2022,Dec2022,DMCC Speciality,DMCC Speciality Chemicals Ltd,506405,INE505A01010,B,Small Cap,Y,Y,649.06,00000014,Chemicals,00000022,Chemicals,Company,DMCC,Active,Active,DMCC,Y,Nutral,0,Dec2022,0,0,0.0,0.0,0.0,0.0,0.0,0.0,0.0,0.0,0.0,0.0,0.0,0.0,0.0,0.0,0.0,0.0,0.0,0.0,0.0,0.0,0.0,0.0,0.0,0.0,0.0,0.0,0.0,0.0,0.0,0.0,0.0,0.0,0.0,0.0,0.0,0.0,0.0,0.0,0.0,0.0,0.0,0.0,0.0,0.0,0.0,0.0,0.0,0.0,0.0,0.0,0.0,0.0,0.0,0.0,0.0,0.0,0.0,0.0,0.0,0.0,13428614.0,53.843799999999995,0.0,0.0,0.0,0.0,304981.0,1.2229,24186.0,0.097,1864578.0,0.0108,200.0,0.0008,2204.0,0.0088,9315170.0,44.8159,23075355.0,55.067499999999995
140,2022-09,2022,Sep2022,DMCC Speciality,DMCC Speciality Chemicals Ltd,506405,INE505A01010,B,Small Cap,Y,Y,649.06,00000014,Chemicals,00000022,Chemicals,Company,DMCC,Active,Active,DMCC,Y,Nutral,0,Sep2022,0,0,0.0,0.0,0.0,0.0,0.0,0.0,0.0,0.0,0.0,0.0,0.0,0.0,0.0,0.0,0.0,0.0,0.0,0.0,0.0,0.0,0.0,0.0,0.0,0.0,0.0,0.0,0.0,0.0,0.0,0.0,0.0,0.0,0.0,0.0,0.0,0.0,0.0,0.0,0.0,0.0,0.0,0.0,0.0,0.0,0.0,0.0,0.0,0.0,0.0,0.0,0.0,0.0,0.0,0.0,0.0,0.0,0.0,0.0,0.0,0.0,13428614.0,53.843799999999995,0.0,0.0,0.0,0.0,304981.0,1.2229,15642.0,0.0627,1850484.0,0.0116,200.0,0.0008,2204.0,0.0088,9337808.0,44.8493,23089449.0,55.067499999999995
140,2022-06,2022,Jun2022,DMCC Speciality,DMCC Speciality Chemicals Ltd,506405,INE505A01010,B,Small Cap,Y,Y,649.06,00000014,Chemicals,00000022,Chemicals,Company,DMCC,Active,Active,DMCC,Y,Nutral,0,Jun2022,0,0,0.0,0.0,0.0,0.0,0.0,0.0,0.0,0.0,0.0,0.0,0.0,0.0,0.0,0.0,0.0,0.0,0.0,0.0,0.0,0.0,0.0,0.0,0.0,0.0,0.0,0.0,0.0,0.0,0.0,0.0,0.0,0.0,0.0,0.0,0.0,0.0,0.0,0.0,0.0,0.0,0.0,0.0,0.0,0.0,0.0,0.0,0.0,0.0,0.0,0.0,0.0,0.0,0.0,0.0,0.0,0.0,0.0,0.0,0.0,0.0,13428614.0,53.843799999999995,0.0,0.0,0.0,0.0,304981.0,1.2229,441.0,0.0018,1808655.0,0.0,200.0,0.0008,4909.0,0.0197,9392133.0,44.9111,23131278.0,55.067499999999995
140,2022-03,2022,Mar2022,DMCC Speciality,DMCC Speciality Chemicals Ltd,506405,INE505A01010,B,Small Cap,Y,Y,649.06,00000014,Chemicals,00000022,Chemicals,Company,DMCC,Active,Active,DMCC,Y,Nutral,S,Mar2022,00000014,00000022,0.0,326.3,5.97,337.33000000000004,0.0,0.0,16.84,4.51,20.44,290.62,8.04,34.17,8.9,0.0,3.91,0.18,21.18,0.0,129.5,4.05,146.82,0.0,0.0,5.0,0.5,2.1,0.0,251.51000000000002,5.06,0.0,1.67,21.36,8.57,8.57,77.52,77.52,324.2,0.0,0.0,42.21,0.0,0.0,0.0,0.0,0.0,0.0,0.0,0.0,0.0,0.0,0.0,326.3,0.0,5.06,200.05,15.37,15.65,22.27,0.0,46.72,13428614.0,53.843799999999995,0.0,0.0,0.0,0.0,304981.0,1.2229,6622.0,0.0266,1792799.0,0.0,200.0,0.0008,4909.0,0.0197,9401808.0,44.8863,23147134.0,55.067499999999995
140,2022-03,2022,Mar2022,DMCC Speciality,DMCC Speciality Chemicals Ltd,506405,INE505A01010,B,Small Cap,Y,Y,649.06,00000014,Chemicals,00000022,Chemicals,Company,DMCC,Active,Active,DMCC,Y,Nutral,C,Mar2022,00000014,00000022,0.0,326.3,6.05,337.41,0.0,0.0,16.93,4.51,20.44,290.70000000000005,8.06,34.14,8.9,0.0,3.91,0.18,21.16,0.0,129.73,4.05,147.03,0.0,0.0,0.0,0.5,2.1,0.0,251.51000000000002,5.06,0.0,1.67,21.34,0.0,0.0,77.64,77.64,324.2,0.0,0.0,42.2,0.0,0.0,0.0,0.0,0.0,21.34,5.0,8.56,8.56,8.56,8.56,326.3,0.0,5.06,200.05,15.37,15.65,22.27,0.0,46.71,13428614.0,53.843799999999995,0.0,0.0,0.0,0.0,304981.0,1.2229,6622.0,0.0266,1792799.0,0.0,200.0,0.0008,4909.0,0.0197,9401808.0,44.8863,23147134.0,55.067499999999995
140,2021-12,2021,Dec2021,DMCC Speciality,DMCC Speciality Chemicals Ltd,506405,INE505A01010,B,Small Cap,Y,Y,649.06,00000014,Chemicals,00000022,Chemicals,Company,DMCC,Active,Active,DMCC,Y,Nutral,0,Dec2021,0,0,0.0,0.0,0.0,0.0,0.0,0.0,0.0,0.0,0.0,0.0,0.0,0.0,0.0,0.0,0.0,0.0,0.0,0.0,0.0,0.0,0.0,0.0,0.0,0.0,0.0,0.0,0.0,0.0,0.0,0.0,0.0,0.0,0.0,0.0,0.0,0.0,0.0,0.0,0.0,0.0,0.0,0.0,0.0,0.0,0.0,0.0,0.0,0.0,0.0,0.0,0.0,0.0,0.0,0.0,0.0,0.0,0.0,0.0,0.0,0.0,13306051.0,53.352399999999996,0.0,0.0,0.0,0.0,304981.0,1.2229,0.0,0.0,1917590.0,0.0108,200.0,0.0008,2204.0,0.0088,9408907.0,45.4043,23022343.0,54.5761
140,2021-09,2021,Sep2021,DMCC Speciality,DMCC Speciality Chemicals Ltd,506405,INE505A01010,B,Small Cap,Y,Y,649.06,00000014,Chemicals,00000022,Chemicals,Company,DMCC,Active,Active,DMCC,Y,Nutral,0,Sep2021,0,0,0.0,0.0,0.0,0.0,0.0,0.0,0.0,0.0,0.0,0.0,0.0,0.0,0.0,0.0,0.0,0.0,0.0,0.0,0.0,0.0,0.0,0.0,0.0,0.0,0.0,0.0,0.0,0.0,0.0,0.0,0.0,0.0,0.0,0.0,0.0,0.0,0.0,0.0,0.0,0.0,0.0,0.0,0.0,0.0,0.0,0.0,0.0,0.0,0.0,0.0,0.0,0.0,0.0,0.0,0.0,0.0,0.0,0.0,0.0,0.0,13306051.0,53.352399999999996,0.0,0.0,0.0,0.0,304981.0,1.2229,0.0,0.0,1880208.0,0.0,200.0,0.0008,4909.0,0.0197,9443584.0,45.4043,23059725.0,54.5761
140,2021-06,2021,Jun2021,DMCC Speciality,DMCC Speciality Chemicals Ltd,506405,INE505A01010,B,Small Cap,Y,Y,649.06,00000014,Chemicals,00000022,Chemicals,Company,DMCC,Active,Active,DMCC,Y,Nutral,0,Jun2021,0,0,0.0,0.0,0.0,0.0,0.0,0.0,0.0,0.0,0.0,0.0,0.0,0.0,0.0,0.0,0.0,0.0,0.0,0.0,0.0,0.0,0.0,0.0,0.0,0.0,0.0,0.0,0.0,0.0,0.0,0.0,0.0,0.0,0.0,0.0,0.0,0.0,0.0,0.0,0.0,0.0,0.0,0.0,0.0,0.0,0.0,0.0,0.0,0.0,0.0,0.0,0.0,0.0,0.0,0.0,0.0,0.0,0.0,0.0,0.0,0.0,13288650.0,53.282599999999995,0.0,0.0,0.0,0.0,304981.0,1.2229,8814.0,0.0353,1932312.0,0.0,200.0,0.0008,4909.0,0.0197,9400067.0,45.4387,23007621.0,54.506299999999996
140,2021-03,2021,Mar2021,DMCC Speciality,DMCC Speciality Chemicals Ltd,506405,INE505A01010,B,Small Cap,Y,Y,649.06,00000014,Chemicals,00000022,Chemicals,Company,DMCC,Active,Active,DMCC,Y,Nutral,C,Mar2021,00000014,00000022,0.0,200.15,7.78,209.94,0.0,0.0,15.84,2.4,16.51,166.67000000000002,6.83,34.04,6.0,0.0,-4.54,0.0,32.58,0.0,100.96,3.81,129.73,0.0,0.0,0.0,2.0,3.76,0.0,139.42,2.01,0.0,0.0,32.58,0.0,0.0,69.44,69.44,196.39,0.0,0.0,40.87,0.0,0.0,0.0,0.0,0.0,32.58,20.0,13.06,13.06,13.06,13.06,200.15,0.0,2.01,92.03,13.99,16.89,11.41,0.0,43.269999999999996,13288650.0,53.282599999999995,0.0,0.0,0.0,0.0,304981.0,1.2229,626.0,0.0025,2065082.0,0.0,200.0,0.0008,4909.0,0.0197,9275485.0,45.4715,22874851.0,54.506299999999996
140,2021-03,2021,Mar2021,DMCC Speciality,DMCC Speciality Chemicals Ltd,506405,INE505A01010,B,Small Cap,Y,Y,649.06,00000014,Chemicals,00000022,Chemicals,Company,DMCC,Active,Active,DMCC,Y,Nutral,S,Mar2021,00000014,00000022,0.0,200.1,7.74,209.85,0.0,0.0,15.79,2.4,16.51,166.62,6.82,34.02,6.0,0.0,-4.54,0.0,32.56,0.0,100.75,3.81,129.5,0.0,0.0,20.0,2.0,3.76,0.0,139.42,2.01,0.0,0.0,32.56,13.06,13.06,69.32,69.32,196.34,0.0,0.0,40.84,0.0,0.0,0.0,0.0,0.0,0.0,0.0,0.0,0.0,0.0,0.0,200.1,0.0,2.01,92.03,13.99,16.89,11.41,0.0,43.24,13288650.0,53.282599999999995,0.0,0.0,0.0,0.0,304981.0,1.2229,626.0,0.0025,2065082.0,0.0,200.0,0.0008,4909.0,0.0197,9275485.0,45.4715,22874851.0,54.506299999999996
140,2020-12,2020,Dec2020,DMCC Speciality,DMCC Speciality Chemicals Ltd,506405,INE505A01010,B,Small Cap,Y,Y,649.06,00000014,Chemicals,00000022,Chemicals,Company,DMCC,Active,Active,DMCC,Y,Nutral,0,Dec2020,0,0,0.0,0.0,0.0,0.0,0.0,0.0,0.0,0.0,0.0,0.0,0.0,0.0,0.0,0.0,0.0,0.0,0.0,0.0,0.0,0.0,0.0,0.0,0.0,0.0,0.0,0.0,0.0,0.0,0.0,0.0,0.0,0.0,0.0,0.0,0.0,0.0,0.0,0.0,0.0,0.0,0.0,0.0,0.0,0.0,0.0,0.0,0.0,0.0,0.0,0.0,0.0,0.0,0.0,0.0,0.0,0.0,0.0,0.0,0.0,0.0,13288650.0,53.282599999999995,0.0,0.0,0.0,0.0,304981.0,1.2229,78000.0,0.3128,2048629.0,0.0108,200.0,0.0008,2204.0,0.0088,9217269.0,45.1613,22891304.0,54.506299999999996
140,2020-09,2020,Sep2020,DMCC Speciality,DMCC Speciality Chemicals Ltd,506405,INE505A01010,B,Small Cap,Y,Y,649.06,00000014,Chemicals,00000022,Chemicals,Company,DMCC,Active,Active,DMCC,Y,Nutral,0,Sep2020,0,0,0.0,0.0,0.0,0.0,0.0,0.0,0.0,0.0,0.0,0.0,0.0,0.0,0.0,0.0,0.0,0.0,0.0,0.0,0.0,0.0,0.0,0.0,0.0,0.0,0.0,0.0,0.0,0.0,0.0,0.0,0.0,0.0,0.0,0.0,0.0,0.0,0.0,0.0,0.0,0.0,0.0,0.0,0.0,0.0,0.0,0.0,0.0,0.0,0.0,0.0,0.0,0.0,0.0,0.0,0.0,0.0,0.0,0.0,0.0,0.0,13288650.0,53.282599999999995,0.0,0.0,0.0,0.0,304981.0,1.2229,93732.0,0.3758,2031593.0,0.0,200.0,0.0008,4909.0,0.0197,9215868.0,45.0982,22908340.0,54.506299999999996
140,2020-06,2020,Jun2020,DMCC Speciality,DMCC Speciality Chemicals Ltd,506405,INE505A01010,B,Small Cap,Y,Y,649.06,00000014,Chemicals,00000022,Chemicals,Company,DMCC,Active,Active,DMCC,Y,Nutral,0,Jun2020,0,0,0.0,0.0,0.0,0.0,0.0,0.0,0.0,0.0,0.0,0.0,0.0,0.0,0.0,0.0,0.0,0.0,0.0,0.0,0.0,0.0,0.0,0.0,0.0,0.0,0.0,0.0,0.0,0.0,0.0,0.0,0.0,0.0,0.0,0.0,0.0,0.0,0.0,0.0,0.0,0.0,0.0,0.0,0.0,0.0,0.0,0.0,0.0,0.0,0.0,0.0,0.0,0.0,0.0,0.0,0.0,0.0,0.0,0.0,0.0,0.0,13288650.0,53.282599999999995,266.0,0.0011,0.0,0.0,304981.0,1.2229,93732.0,0.3758,2264656.0,0.0,4432.0,0.0178,4909.0,0.0197,8978573.0,45.0802,22675277.0,54.5244
140,2020-03,2020,Mar2020,DMCC Speciality,DMCC Speciality Chemicals Ltd,506405,INE505A01010,B,Small Cap,Y,Y,649.06,00000014,Chemicals,00000022,Chemicals,Company,DMCC,Active,Active,DMCC,Y,Nutral,S,Mar2020,00000014,00000022,0.0,187.65,6.23,195.66,0.0,0.0,16.73,2.03,16.67,161.57999999999998,6.16,25.889999999999997,-5.6,0.0,0.0,0.0,31.49,0.0,72.2,2.94,100.75,0.0,0.0,0.0,0.0,2.1,0.0,135.45,1.78,0.0,0.0,31.49,12.63,12.63,57.99,57.99,185.55,0.0,0.0,32.05,0.0,0.0,0.0,0.0,0.0,0.0,0.0,0.0,0.0,0.0,0.0,187.65,0.0,1.78,91.24,13.65,13.89,9.41,0.0,34.08,13288650.0,53.282599999999995,0.0,0.0,0.0,0.0,304981.0,1.2229,93732.0,0.3758,2306389.0,0.0,4432.0,0.0178,2204.0,0.0197,8939545.0,45.0812,22633544.0,54.5233
140,2020-03,2020,Mar2020,DMCC Speciality,DMCC Speciality Chemicals Ltd,506405,INE505A01010,B,Small Cap,Y,Y,649.06,00000014,Chemicals,00000022,Chemicals,Company,DMCC,Active,Active,DMCC,Y,Nutral,C,Mar2020,00000014,00000022,0.0,187.66,6.23,195.67,0.0,0.0,16.78,2.03,16.67,161.63,6.16,25.860000000000003,-5.61,0.0,0.0,0.0,31.46,0.0,72.44,2.94,100.96,0.0,0.0,0.0,0.0,2.1,0.0,135.45,1.78,0.0,0.0,31.46,0.0,0.0,58.09,58.09,185.57,0.0,0.0,32.02,0.0,0.0,0.0,0.0,0.0,31.46,0.0,12.62,12.62,12.62,12.62,187.66,0.0,1.78,91.24,13.65,13.89,9.41,0.0,34.050000000000004,13288650.0,53.282599999999995,0.0,0.0,0.0,0.0,304981.0,1.2229,93732.0,0.3758,2306389.0,0.0,4432.0,0.0178,2204.0,0.0197,8939545.0,45.0812,22633544.0,54.5233
140,2019-12,2019,Dec2019,DMCC Speciality,DMCC Speciality Chemicals Ltd,506405,INE505A01010,B,Small Cap,Y,Y,649.06,00000014,Chemicals,00000022,Chemicals,Company,DMCC,Active,Active,DMCC,Y,Nutral,0,Dec2019,0,0,0.0,0.0,0.0,0.0,0.0,0.0,0.0,0.0,0.0,0.0,0.0,0.0,0.0,0.0,0.0,0.0,0.0,0.0,0.0,0.0,0.0,0.0,0.0,0.0,0.0,0.0,0.0,0.0,0.0,0.0,0.0,0.0,0.0,0.0,0.0,0.0,0.0,0.0,0.0,0.0,0.0,0.0,0.0,0.0,0.0,0.0,0.0,0.0,0.0,0.0,0.0,0.0,0.0,0.0,0.0,0.0,0.0,0.0,0.0,0.0,13288650.0,53.282599999999995,0.0,0.0,0.0,0.0,312254.0,1.252,93732.0,0.3758,2392787.0,0.0,4432.0,0.0178,4909.0,0.0197,8843169.0,45.0521,22547146.0,54.5524
140,2019-09,2019,Sep2019,DMCC Speciality,DMCC Speciality Chemicals Ltd,506405,INE505A01010,B,Small Cap,Y,Y,649.06,00000014,Chemicals,00000022,Chemicals,Company,DMCC,Active,Active,DMCC,Y,Nutral,0,Sep2019,0,0,0.0,0.0,0.0,0.0,0.0,0.0,0.0,0.0,0.0,0.0,0.0,0.0,0.0,0.0,0.0,0.0,0.0,0.0,0.0,0.0,0.0,0.0,0.0,0.0,0.0,0.0,0.0,0.0,0.0,0.0,0.0,0.0,0.0,0.0,0.0,0.0,0.0,0.0,0.0,0.0,0.0,0.0,0.0,0.0,0.0,0.0,0.0,0.0,0.0,0.0,0.0,0.0,0.0,0.0,0.0,0.0,0.0,0.0,0.0,0.0,13288650.0,53.282599999999995,0.0,0.0,0.0,0.0,304981.0,1.2229,109193.0,0.4378,2406378.0,0.0,4432.0,0.0178,4909.0,0.0197,8821390.0,45.0192,22533555.0,54.5233
140,2019-06,2019,Jun2019,DMCC Speciality,DMCC Speciality Chemicals Ltd,506405,INE505A01010,B,Small Cap,Y,Y,649.06,00000014,Chemicals,00000022,Chemicals,Company,DMCC,Active,Active,DMCC,Y,Nutral,0,Jun2019,0,0,0.0,0.0,0.0,0.0,0.0,0.0,0.0,0.0,0.0,0.0,0.0,0.0,0.0,0.0,0.0,0.0,0.0,0.0,0.0,0.0,0.0,0.0,0.0,0.0,0.0,0.0,0.0,0.0,0.0,0.0,0.0,0.0,0.0,0.0,0.0,0.0,0.0,0.0,0.0,0.0,0.0,0.0,0.0,0.0,0.0,0.0,0.0,0.0,0.0,0.0,0.0,0.0,0.0,0.0,0.0,0.0,0.0,0.0,0.0,0.0,13288650.0,53.282599999999995,0.0,0.0,0.0,0.0,304981.0,1.2229,114773.0,0.4602,2383430.0,0.0,4432.0,0.0178,4909.0,0.0197,8838758.0,44.9969,22556503.0,54.5233
140,2019-03,2019,Mar2019,DMCC Speciality,DMCC Speciality Chemicals Ltd,506405,INE505A01010,B,Small Cap,Y,Y,649.06,00000014,Chemicals,00000022,Chemicals,Company,DMCC,Active,Active,DMCC,Y,Nutral,S,Mar2019,00000014,00000022,0.0,227.47,0.92,229.64,0.0,0.0,13.42,2.77,12.76,175.27,4.51,47.1,1.05,0.0,0.0,0.0,46.06,-0.51,29.14,2.49,72.2,1.25,0.0,15.0,1.5,2.32,0.0,154.79,1.25,0.0,0.0,46.06,18.47,18.47,46.32,46.32,225.15,0.0,0.0,51.61,0.0,0.0,0.0,0.0,0.0,0.0,0.0,0.0,0.0,0.0,0.0,227.47,0.0,1.25,114.9,11.22,15.91,7.05,0.0,54.38,0.0,0.0,0.0,0.0,0.0,0.0,0.0,0.0,0.0,0.0,0.0,0.0,0.0,0.0,0.0,0.0,0.0,0.0,0.0,0.0
140,2019-03,2019,Mar2019,DMCC Speciality,DMCC Speciality Chemicals Ltd,506405,INE505A01010,B,Small Cap,Y,Y,649.06,00000014,Chemicals,00000022,Chemicals,Company,DMCC,Active,Active,DMCC,Y,Nutral,C,Mar2019,00000014,00000022,0.0,227.58,1.0,229.83,0.0,0.0,13.47,2.77,12.76,175.32,4.51,47.230000000000004,1.08,0.0,0.0,0.0,46.14,-0.51,29.3,2.49,72.44,1.25,0.0,0.0,1.5,2.32,0.0,154.79,1.25,0.0,0.0,46.14,0.0,0.0,46.43,46.43,225.26,0.0,0.0,51.74,0.0,0.0,0.0,0.0,0.0,46.14,15.0,18.5,18.5,18.5,18.5,227.58,0.0,1.25,114.9,11.22,15.91,7.05,0.0,54.510000000000005,0.0,0.0,0.0,0.0,0.0,0.0,0.0,0.0,0.0,0.0,0.0,0.0,0.0,0.0,0.0,0.0,0.0,0.0,0.0,0.0
140,2018-03,2018,Mar2018,DMCC Speciality,DMCC Speciality Chemicals Ltd,506405,INE505A01010,B,Small Cap,Y,Y,649.06,00000014,Chemicals,00000022,Chemicals,Company,DMCC,Active,Active,DMCC,Y,Nutral,S,Mar2018,00000014,00000022,0.0,177.85,0.89,178.17,0.0,0.0,13.01,3.97,14.32,154.43,4.19,15.579999999999998,3.32,0.0,0.0,-0.01,12.27,0.0,16.88,0.0,29.14,1.2469967,0.0,5.0,0.5,3.52,0.0,135.73000000000002,-0.57,0.0,0.0,12.26,4.92,4.92,29.1,29.1,176.89,0.0,0.0,19.77,0.0,0.0,0.0,0.0,0.0,0.0,0.0,0.0,0.0,0.0,0.0,180.41,2.56,-0.57,102.43,9.11,9.87,5.69,0.0,23.74,0.0,0.0,0.0,0.0,0.0,0.0,0.0,0.0,0.0,0.0,0.0,0.0,0.0,0.0,0.0,0.0,0.0,0.0,0.0,0.0
140,2018-03,2018,Mar2018,DMCC Speciality,DMCC Speciality Chemicals Ltd,506405,INE505A01010,B,Small Cap,Y,Y,649.06,00000014,Chemicals,00000022,Chemicals,Company,DMCC,Active,Active,DMCC,Y,Nutral,C,Mar2018,00000014,00000022,0.0,178.21,0.89,178.53,0.0,0.0,13.08,3.97,14.32,154.73,4.2,15.629999999999999,3.34,0.0,0.0,-0.01,12.31,0.0,17.0,0.0,29.3,1.2469967,0.0,0.0,0.5,3.52,0.0,135.96,-0.57,0.0,0.0,12.3,0.0,0.0,29.18,29.18,177.25,0.0,0.0,19.83,0.0,0.0,0.0,0.0,0.0,12.3,5.0,4.93,4.93,4.93,4.93,180.77,2.56,-0.57,102.66,9.11,9.87,5.69,0.0,23.799999999999997,0.0,0.0,0.0,0.0,0.0,0.0,0.0,0.0,0.0,0.0,0.0,0.0,0.0,0.0,0.0,0.0,0.0,0.0,0.0,0.0
140,2017-03,2017,Mar2017,DMCC Speciality,DMCC Speciality Chemicals Ltd,506405,INE505A01010,B,Small Cap,Y,Y,649.06,00000014,Chemicals,00000022,Chemicals,Company,DMCC,Active,Active,DMCC,Y,Nutral,S,Mar2017,00000014,00000022,0.0,175.12,0.53,176.17000000000002,0.0,0.0,10.71,5.02,12.9,145.99,3.72,21.43,4.42,0.0,0.0,0.0,17.02,0.0,-0.14,0.0,16.88,0.0,0.0,0.0,0.0,2.06,0.0,130.56,0.52,0.0,0.0,17.02,6.83,6.83,23.94,23.94,187.34,0.0,0.0,25.15,0.0,0.0,0.0,0.0,0.0,0.0,0.0,0.0,0.0,0.0,0.0,189.4,14.28,0.52,101.1,7.61,8.95,4.72,0.0,30.169999999999998,0.0,0.0,0.0,0.0,0.0,0.0,0.0,0.0,0.0,0.0,0.0,0.0,0.0,0.0,0.0,0.0,0.0,0.0,0.0,0.0
140,2017-03,2017,Mar2017,DMCC Speciality,DMCC Speciality Chemicals Ltd,506405,INE505A01010,B,Small Cap,Y,Y,649.06,00000014,Chemicals,00000022,Chemicals,Company,DMCC,Active,Active,DMCC,Y,Nutral,C,Mar2017,00000014,00000022,0.0,175.23,0.53,176.28,0.0,0.0,10.78,5.02,12.9,146.05,3.72,21.48,4.43,0.0,0.0,0.0,17.05,0.1,-0.14,0.0,17.0,0.0,0.0,0.0,0.0,2.06,0.0,130.56,0.52,0.0,0.0,17.05,0.0,0.0,23.99,23.99,187.44,0.0,0.0,25.2,0.0,0.0,0.0,0.0,0.0,17.05,0.0,6.83,6.83,6.83,6.83,189.51,14.28,0.52,101.1,7.61,8.95,4.72,0.0,30.22,0.0,0.0,0.0,0.0,0.0,0.0,0.0,0.0,0.0,0.0,0.0,0.0,0.0,0.0,0.0,0.0,0.0,0.0,0.0,0.0
140,2016-03,2016,Mar2016,DMCC Speciality,DMCC Speciality Chemicals Ltd,506405,INE505A01010,B,Small Cap,Y,Y,649.06,00000014,Chemicals,00000022,Chemicals,Company,DMCC,Active,Active,DMCC,Y,Nutral,S,Mar2016,00000014,00000022,0.0,107.6,0.43,108.43,0.0,0.0,11.19,1.16,7.84,91.87,2.26,13.14,1.17,0.0,0.0,0.0,11.97,0.0,-34.67,0.0,-22.7,0.0,0.0,0.0,0.0,1.77,0.0,76.08,0.4,0.0,0.0,11.97,5.63,5.63,15.92,15.92,105.84,0.0,0.0,15.4,0.0,0.0,0.0,0.0,0.0,0.0,0.0,0.0,0.0,0.0,0.0,107.6,0.0,0.4,53.97,5.32,8.95,4.6,0.0,16.56,0.0,0.0,0.0,0.0,0.0,0.0,0.0,0.0,0.0,0.0,0.0,0.0,0.0,0.0,0.0,0.0,0.0,0.0,0.0,0.0
140,2015-03,2015,Mar2015,DMCC Speciality,DMCC Speciality Chemicals Ltd,506405,INE505A01010,B,Small Cap,Y,Y,649.06,00000014,Chemicals,00000022,Chemicals,Company,DMCC,Active,Active,DMCC,Y,Nutral,S,Mar2015,00000014,00000022,0.0,120.06,0.29,122.14000000000001,0.0,0.0,5.49,1.85,6.35,103.88000000000001,2.44,13.980000000000002,0.0,0.0,0.0,-1.52,15.5,-0.41,-48.24,0.0,-34.67,0.0,0.0,0.0,0.0,1.64,0.0,92.61,1.79,0.0,0.0,13.98,6.58,6.58,10.29,10.29,125.48,0.0,0.0,16.42,0.0,0.0,0.0,0.0,0.0,0.0,0.0,0.0,0.0,0.0,0.0,127.12,7.06,1.79,73.15,5.4,7.71,5.79,0.0,18.270000000000003,0.0,0.0,0.0,0.0,0.0,0.0,0.0,0.0,0.0,0.0,0.0,0.0,0.0,0.0,0.0,0.0,0.0,0.0,0.0,0.0
140,2014-03,2014,Mar2014,DMCC Speciality,DMCC Speciality Chemicals Ltd,506405,INE505A01010,B,Small Cap,Y,Y,649.06,00000014,Chemicals,00000022,Chemicals,Company,DMCC,Active,Active,DMCC,Y,Nutral,S,Mar2014,00000014,00000022,0.0,101.31,6.55,108.34,0.0,0.0,3.19,2.38,6.55,86.42,3.47,16.060000000000002,0.0,0.0,0.0,6.03,10.029999999999998,0.0,-64.3,0.0,-48.24,0.0,0.0,0.0,0.0,3.28,0.0,77.86,0.48,0.0,0.0,16.06,7.55,7.55,3.9,3.9,103.56,0.0,0.0,19.53,0.0,0.0,0.0,0.0,0.0,0.0,0.0,0.0,0.0,0.0,0.0,106.84,5.53,0.48,57.24,6.74,7.33,5.38,0.0,21.91,0.0,0.0,0.0,0.0,0.0,0.0,0.0,0.0,0.0,0.0,0.0,0.0,0.0,0.0,0.0,0.0,0.0,0.0,0.0,0.0
140,2013-03,2013,Mar2013,DMCC Speciality,DMCC Speciality Chemicals Ltd,506405,INE505A01010,B,Small Cap,Y,Y,649.06,00000014,Chemicals,00000022,Chemicals,Company,DMCC,Active,Active,DMCC,Y,Nutral,S,Mar2013,00000014,00000022,0.0,85.59,38.56,123.99000000000001,0.0,0.0,7.31,2.51,5.54,83.13,5.1,33.25,0.0,0.0,0.0,35.88,-2.6300000000000026,0.0,-97.56,0.0,-64.3,0.0,0.0,0.0,0.0,3.17,0.0,71.75000000000001,-0.16,0.0,0.0,33.25,15.64,15.64,-3.65,-3.65,87.64,0.0,0.0,38.35,0.0,0.0,0.0,0.0,0.0,0.0,0.0,0.0,0.0,0.0,0.0,90.81,5.22,-0.16,54.09,6.47,5.65,4.06,0.0,40.86,0.0,0.0,0.0,0.0,0.0,0.0,0.0,0.0,0.0,0.0,0.0,0.0,0.0,0.0,0.0,0.0,0.0,0.0,0.0,0.0
140,2012-03,2012,Mar2012,DMCC Speciality,DMCC Speciality Chemicals Ltd,506405,INE505A01010,B,Small Cap,Y,Y,649.06,00000014,Chemicals,00000022,Chemicals,Company,DMCC,Active,Active,DMCC,Y,Nutral,S,Mar2012,00000014,00000022,0.0,81.33,1.24,82.25,0.0,0.0,4.53,2.42,5.63,78.94999999999999,4.86,-3.9800000000000004,0.0,0.0,0.0,0.43,-4.41,0.0,-93.57,0.0,-97.56,0.0,0.0,0.0,0.0,0.0,0.0,71.14999999999999,-0.32,0.0,0.0,-3.98,0.0,0.0,-19.29,-19.29,86.41,0.0,0.0,0.88,0.0,0.0,0.0,0.0,0.0,0.0,0.0,0.0,0.0,0.0,0.0,86.41,5.08,-0.32,55.37,5.79,4.36,3.27,0.0,3.3,0.0,0.0,0.0,0.0,0.0,0.0,0.0,0.0,0.0,0.0,0.0,0.0,0.0,0.0,0.0,0.0,0.0,0.0,0.0,0.0
140,2011-03,2011,Mar2011,DMCC Speciality,DMCC Speciality Chemicals Ltd,506405,INE505A01010,B,Small Cap,Y,Y,649.06,00000014,Chemicals,00000022,Chemicals,Company,DMCC,Active,Active,DMCC,Y,Nutral,S,Mar2011,00000014,00000022,0.0,42.96,0.59,45.45,0.0,0.0,3.5,1.63,4.48,43.74,4.87,-4.79,0.0,0.0,0.0,0.0,-4.79,0.0,-88.78,0.0,-93.57,0.0,0.0,0.0,0.0,0.12,0.0,38.47,1.9,0.0,0.0,-4.79,0.0,0.0,-17.42,-17.42,45.72,0.0,0.0,0.08,0.0,0.0,0.0,0.0,0.0,0.0,0.0,0.0,0.0,0.0,0.0,45.84,2.88,1.9,26.94,3.25,3.8,1.77,0.0,1.71,0.0,0.0,0.0,0.0,0.0,0.0,0.0,0.0,0.0,0.0,0.0,0.0,0.0,0.0,0.0,0.0,0.0,0.0,0.0,0.0
185,2021-09,2021,Sep2021,Gajra Bevel,Gajra Bevel Gears Ltd,505711,INE282D01010,XT,Small Cap,Y,N,3.06,00000004,Auto Ancillaries,00000010,Auto Ancillaries,Company,GAJRA,Suspended,Not Listed,,Y,Nutral,0,Sep2021,0,0,0.0,0.0,0.0,0.0,0.0,0.0,0.0,0.0,0.0,0.0,0.0,0.0,0.0,0.0,0.0,0.0,0.0,0.0,0.0,0.0,0.0,0.0,0.0,0.0,0.0,0.0,0.0,0.0,0.0,0.0,0.0,0.0,0.0,0.0,0.0,0.0,0.0,0.0,0.0,0.0,0.0,0.0,0.0,0.0,0.0,0.0,0.0,0.0,0.0,0.0,0.0,0.0,0.0,0.0,0.0,0.0,0.0,0.0,0.0,0.0,2905271.0,30.9047,2200.0,0.0234,0.0,0.0,100.0,0.0011,0.0,0.0021,687161.0,0.0,265209.0,2.8211,550.0,0.0059,5542459.0,66.2417,8713589.0,33.750299999999996
185,2021-06,2021,Jun2021,Gajra Bevel,Gajra Bevel Gears Ltd,505711,INE282D01010,XT,Small Cap,Y,N,3.06,00000004,Auto Ancillaries,00000010,Auto Ancillaries,Company,GAJRA,Suspended,Not Listed,,Y,Nutral,0,Jun2021,0,0,0.0,0.0,0.0,0.0,0.0,0.0,0.0,0.0,0.0,0.0,0.0,0.0,0.0,0.0,0.0,0.0,0.0,0.0,0.0,0.0,0.0,0.0,0.0,0.0,0.0,0.0,0.0,0.0,0.0,0.0,0.0,0.0,0.0,0.0,0.0,0.0,0.0,0.0,0.0,0.0,0.0,0.0,0.0,0.0,0.0,0.0,0.0,0.0,0.0,0.0,0.0,0.0,0.0,0.0,0.0,0.0,0.0,0.0,0.0,0.0,2905271.0,30.9047,2200.0,0.0234,0.0,0.0,100.0,0.0011,0.0,0.0021,736406.0,0.0,265209.0,2.8211,550.0,0.0059,5493214.0,66.2417,8664344.0,33.750299999999996
185,2021-03,2021,Mar2021,Gajra Bevel,Gajra Bevel Gears Ltd,505711,INE282D01010,XT,Small Cap,Y,N,3.06,00000004,Auto Ancillaries,00000010,Auto Ancillaries,Company,GAJRA,Suspended,Not Listed,,Y,Nutral,0,Mar2021,0,0,0.0,0.0,0.0,0.0,0.0,0.0,0.0,0.0,0.0,0.0,0.0,0.0,0.0,0.0,0.0,0.0,0.0,0.0,0.0,0.0,0.0,0.0,0.0,0.0,0.0,0.0,0.0,0.0,0.0,0.0,0.0,0.0,0.0,0.0,0.0,0.0,0.0,0.0,0.0,0.0,0.0,0.0,0.0,0.0,0.0,0.0,0.0,0.0,0.0,0.0,0.0,0.0,0.0,0.0,0.0,0.0,0.0,0.0,0.0,0.0,2905271.0,30.9047,2200.0,0.0234,0.0,0.0,100.0,0.0011,0.0,0.0021,719760.0,0.0,265209.0,2.8211,550.0,0.0059,5509860.0,66.2417,8680990.0,33.750299999999996
185,2020-12,2020,Dec2020,Gajra Bevel,Gajra Bevel Gears Ltd,505711,INE282D01010,XT,Small Cap,Y,N,3.06,00000004,Auto Ancillaries,00000010,Auto Ancillaries,Company,GAJRA,Suspended,Not Listed,,Y,Nutral,0,Dec2020,0,0,0.0,0.0,0.0,0.0,0.0,0.0,0.0,0.0,0.0,0.0,0.0,0.0,0.0,0.0,0.0,0.0,0.0,0.0,0.0,0.0,0.0,0.0,0.0,0.0,0.0,0.0,0.0,0.0,0.0,0.0,0.0,0.0,0.0,0.0,0.0,0.0,0.0,0.0,0.0,0.0,0.0,0.0,0.0,0.0,0.0,0.0,0.0,0.0,0.0,0.0,0.0,0.0,0.0,0.0,0.0,0.0,0.0,0.0,0.0,0.0,2905271.0,30.9047,2200.0,0.0234,0.0,0.0,100.0,0.0011,0.0,0.0021,760864.0,0.0,265209.0,2.8211,550.0,0.0059,5468756.0,66.2417,8639886.0,33.750299999999996
185,2020-09,2020,Sep2020,Gajra Bevel,Gajra Bevel Gears Ltd,505711,INE282D01010,XT,Small Cap,Y,N,3.06,00000004,Auto Ancillaries,00000010,Auto Ancillaries,Company,GAJRA,Suspended,Not Listed,,Y,Nutral,0,Sep2020,0,0,0.0,0.0,0.0,0.0,0.0,0.0,0.0,0.0,0.0,0.0,0.0,0.0,0.0,0.0,0.0,0.0,0.0,0.0,0.0,0.0,0.0,0.0,0.0,0.0,0.0,0.0,0.0,0.0,0.0,0.0,0.0,0.0,0.0,0.0,0.0,0.0,0.0,0.0,0.0,0.0,0.0,0.0,0.0,0.0,0.0,0.0,0.0,0.0,0.0,0.0,0.0,0.0,0.0,0.0,0.0,0.0,0.0,0.0,0.0,0.0,2905271.0,30.9047,2200.0,0.0234,0.0,0.0,100.0,0.0011,0.0,0.0021,765530.0,0.0,265209.0,2.8211,550.0,0.0059,5464090.0,66.2417,8635220.0,33.750299999999996
185,2020-06,2020,Jun2020,Gajra Bevel,Gajra Bevel Gears Ltd,505711,INE282D01010,XT,Small Cap,Y,N,3.06,00000004,Auto Ancillaries,00000010,Auto Ancillaries,Company,GAJRA,Suspended,Not Listed,,Y,Nutral,0,Jun2020,0,0,0.0,0.0,0.0,0.0,0.0,0.0,0.0,0.0,0.0,0.0,0.0,0.0,0.0,0.0,0.0,0.0,0.0,0.0,0.0,0.0,0.0,0.0,0.0,0.0,0.0,0.0,0.0,0.0,0.0,0.0,0.0,0.0,0.0,0.0,0.0,0.0,0.0,0.0,0.0,0.0,0.0,0.0,0.0,0.0,0.0,0.0,0.0,0.0,0.0,0.0,0.0,0.0,0.0,0.0,0.0,0.0,0.0,0.0,0.0,0.0,2905271.0,30.9047,2200.0,0.0234,0.0,0.0,265309.0,2.8222,0.0,0.0021,758317.0,0.0,0.0,0.0,550.0,0.0059,5471303.0,66.2417,8642433.0,33.750299999999996
185,2020-03,2020,Mar2020,Gajra Bevel,Gajra Bevel Gears Ltd,505711,INE282D01010,XT,Small Cap,Y,N,3.06,00000004,Auto Ancillaries,00000010,Auto Ancillaries,Company,GAJRA,Suspended,Not Listed,,Y,Nutral,S,Mar2020,00000004,00000010,0.0,0.0,0.0,0.0,0.0,0.0,0.0,0.0,0.05,0.15,0.0,-0.14,0.0,0.0,0.0,0.0,-0.14,0.0,-48.08,0.0,-48.23,0.0,0.0,0.0,0.0,0.0,0.0,0.05,0.0,0.0,0.0,-0.14,-0.15,-0.15,-39.02,-39.02,0.0,0.0,0.0,-0.14,0.0,0.0,0.0,0.0,0.0,0.0,0.0,0.0,0.0,0.0,0.0,0.0,0.0,0.0,0.0,0.0,0.0,0.1,0.0,-0.14,2905271.0,30.9047,2200.0,0.0234,0.0,0.0,265309.0,2.8222,0.0,0.0021,760604.0,0.0,0.0,0.0,550.0,0.0059,5469016.0,66.2417,8640146.0,33.750299999999996
185,2019-12,2019,Dec2019,Gajra Bevel,Gajra Bevel Gears Ltd,505711,INE282D01010,XT,Small Cap,Y,N,3.06,00000004,Auto Ancillaries,00000010,Auto Ancillaries,Company,GAJRA,Suspended,Not Listed,,Y,Nutral,0,Dec2019,0,0,0.0,0.0,0.0,0.0,0.0,0.0,0.0,0.0,0.0,0.0,0.0,0.0,0.0,0.0,0.0,0.0,0.0,0.0,0.0,0.0,0.0,0.0,0.0,0.0,0.0,0.0,0.0,0.0,0.0,0.0,0.0,0.0,0.0,0.0,0.0,0.0,0.0,0.0,0.0,0.0,0.0,0.0,0.0,0.0,0.0,0.0,0.0,0.0,0.0,0.0,0.0,0.0,0.0,0.0,0.0,0.0,0.0,0.0,0.0,0.0,2905271.0,30.9047,2200.0,0.0234,0.0,0.0,285309.0,3.035,0.0,0.0021,858749.0,0.0,0.0,0.0,550.0,0.0059,5350871.0,66.029,8542001.0,33.9631
185,2019-09,2019,Sep2019,Gajra Bevel,Gajra Bevel Gears Ltd,505711,INE282D01010,XT,Small Cap,Y,N,3.06,00000004,Auto Ancillaries,00000010,Auto Ancillaries,Company,GAJRA,Suspended,Not Listed,,Y,Nutral,0,Sep2019,0,0,0.0,0.0,0.0,0.0,0.0,0.0,0.0,0.0,0.0,0.0,0.0,0.0,0.0,0.0,0.0,0.0,0.0,0.0,0.0,0.0,0.0,0.0,0.0,0.0,0.0,0.0,0.0,0.0,0.0,0.0,0.0,0.0,0.0,0.0,0.0,0.0,0.0,0.0,0.0,0.0,0.0,0.0,0.0,0.0,0.0,0.0,0.0,0.0,0.0,0.0,0.0,0.0,0.0,0.0,0.0,0.0,0.0,0.0,0.0,0.0,2905271.0,30.9047,2200.0,0.0234,0.0,0.0,285309.0,3.035,0.0,0.0021,805629.0,0.0,0.0,0.0,550.0,0.0059,5403991.0,66.029,8595121.0,33.9631
185,2019-06,2019,Jun2019,Gajra Bevel,Gajra Bevel Gears Ltd,505711,INE282D01010,XT,Small Cap,Y,N,3.06,00000004,Auto Ancillaries,00000010,Auto Ancillaries,Company,GAJRA,Suspended,Not Listed,,Y,Nutral,0,Jun2019,0,0,0.0,0.0,0.0,0.0,0.0,0.0,0.0,0.0,0.0,0.0,0.0,0.0,0.0,0.0,0.0,0.0,0.0,0.0,0.0,0.0,0.0,0.0,0.0,0.0,0.0,0.0,0.0,0.0,0.0,0.0,0.0,0.0,0.0,0.0,0.0,0.0,0.0,0.0,0.0,0.0,0.0,0.0,0.0,0.0,0.0,0.0,0.0,0.0,0.0,0.0,0.0,0.0,0.0,0.0,0.0,0.0,0.0,0.0,0.0,0.0,2905271.0,30.9047,2200.0,0.0234,0.0,0.0,285309.0,3.035,0.0,0.0021,825848.0,0.0,0.0,0.0,550.0,0.0059,5383772.0,66.029,8574902.0,33.9631
185,2019-03,2019,Mar2019,Gajra Bevel,Gajra Bevel Gears Ltd,505711,INE282D01010,XT,Small Cap,Y,N,3.06,00000004,Auto Ancillaries,00000010,Auto Ancillaries,Company,GAJRA,Suspended,Not Listed,,Y,Nutral,S,Mar2019,00000004,00000010,0.0,0.0,0.0,0.0,0.0,0.0,0.0,0.0,0.05,0.15,0.0,-0.14,0.0,0.0,0.0,0.0,-0.14,0.0,-47.94,0.0,-48.08,0.0,0.0,0.0,0.0,0.0,0.0,0.05,0.0,0.0,0.0,-0.14,-0.15,-0.15,-38.82,-38.82,0.0,0.0,0.0,-0.14,0.0,0.0,0.0,0.0,0.0,0.0,0.0,0.0,0.0,0.0,0.0,0.0,0.0,0.0,0.0,0.0,0.0,0.09,0.0,-0.14,2905271.0,30.9047,2200.0,0.0234,0.0,0.0,285309.0,3.035,0.0,0.0021,826048.0,0.0,0.0,0.0,550.0,0.0059,5383572.0,66.029,8574702.0,33.9631
185,2018-12,2018,Dec2018,Gajra Bevel,Gajra Bevel Gears Ltd,505711,INE282D01010,XT,Small Cap,Y,N,3.06,00000004,Auto Ancillaries,00000010,Auto Ancillaries,Company,GAJRA,Suspended,Not Listed,,Y,Nutral,0,Dec2018,0,0,0.0,0.0,0.0,0.0,0.0,0.0,0.0,0.0,0.0,0.0,0.0,0.0,0.0,0.0,0.0,0.0,0.0,0.0,0.0,0.0,0.0,0.0,0.0,0.0,0.0,0.0,0.0,0.0,0.0,0.0,0.0,0.0,0.0,0.0,0.0,0.0,0.0,0.0,0.0,0.0,0.0,0.0,0.0,0.0,0.0,0.0,0.0,0.0,0.0,0.0,0.0,0.0,0.0,0.0,0.0,0.0,0.0,0.0,0.0,0.0,2905271.0,30.9047,2200.0,0.0234,0.0,0.0,285309.0,3.035,0.0,0.0021,842749.0,0.0,0.0,0.0,550.0,0.0059,5366871.0,66.029,8558001.0,33.9631
185,2018-09,2018,Sep2018,Gajra Bevel,Gajra Bevel Gears Ltd,505711,INE282D01010,XT,Small Cap,Y,N,3.06,00000004,Auto Ancillaries,00000010,Auto Ancillaries,Company,GAJRA,Suspended,Not Listed,,Y,Nutral,0,Sep2018,0,0,0.0,0.0,0.0,0.0,0.0,0.0,0.0,0.0,0.0,0.0,0.0,0.0,0.0,0.0,0.0,0.0,0.0,0.0,0.0,0.0,0.0,0.0,0.0,0.0,0.0,0.0,0.0,0.0,0.0,0.0,0.0,0.0,0.0,0.0,0.0,0.0,0.0,0.0,0.0,0.0,0.0,0.0,0.0,0.0,0.0,0.0,0.0,0.0,0.0,0.0,0.0,0.0,0.0,0.0,0.0,0.0,0.0,0.0,0.0,0.0,2905271.0,30.9047,2200.0,0.0234,0.0,0.0,285309.0,3.035,0.0,0.0021,881281.0,0.0,0.0,0.0,550.0,0.0059,5328339.0,66.029,8519469.0,33.9631
185,2018-06,2018,Jun2018,Gajra Bevel,Gajra Bevel Gears Ltd,505711,INE282D01010,XT,Small Cap,Y,N,3.06,00000004,Auto Ancillaries,00000010,Auto Ancillaries,Company,GAJRA,Suspended,Not Listed,,Y,Nutral,0,Jun2018,0,0,0.0,0.0,0.0,0.0,0.0,0.0,0.0,0.0,0.0,0.0,0.0,0.0,0.0,0.0,0.0,0.0,0.0,0.0,0.0,0.0,0.0,0.0,0.0,0.0,0.0,0.0,0.0,0.0,0.0,0.0,0.0,0.0,0.0,0.0,0.0,0.0,0.0,0.0,0.0,0.0,0.0,0.0,0.0,0.0,0.0,0.0,0.0,0.0,0.0,0.0,0.0,0.0,0.0,0.0,0.0,0.0,0.0,0.0,0.0,0.0,2905271.0,30.9047,2200.0,0.0234,0.0,0.0,285309.0,3.035,0.0,0.0021,819376.0,0.0,0.0,0.0,550.0,0.0059,5390244.0,66.029,8581374.0,33.9631
185,2018-03,2018,Mar2018,Gajra Bevel,Gajra Bevel Gears Ltd,505711,INE282D01010,XT,Small Cap,Y,N,3.06,00000004,Auto Ancillaries,00000010,Auto Ancillaries,Company,GAJRA,Suspended,Not Listed,,Y,Nutral,S,Mar2018,00000004,00000010,0.0,0.0,0.0,0.0,0.0,0.0,0.0,0.0,0.05,0.13,0.02,-0.13999999999999999,0.0,0.0,0.0,0.0,-0.15,0.0,-47.79,0.0,-47.94,0.0,0.0,0.0,0.0,0.0,0.0,0.05,0.0,0.0,0.0,-0.15,0.0,0.0,-38.67,-38.67,0.0,0.0,0.0,-0.12,0.0,0.0,0.0,0.0,0.0,0.0,0.0,0.0,0.0,0.0,0.0,0.0,0.0,0.0,0.0,0.0,0.0,0.07,0.0,-0.12,2905271.0,30.9047,2200.0,0.0234,0.0,0.0,285309.0,3.035,0.0,0.0021,826048.0,0.0,0.0,0.0,550.0,0.0059,5383572.0,66.029,8574702.0,33.9631
185,2017-12,2017,Dec2017,Gajra Bevel,Gajra Bevel Gears Ltd,505711,INE282D01010,XT,Small Cap,Y,N,3.06,00000004,Auto Ancillaries,00000010,Auto Ancillaries,Company,GAJRA,Suspended,Not Listed,,Y,Nutral,0,Dec2017,0,0,0.0,0.0,0.0,0.0,0.0,0.0,0.0,0.0,0.0,0.0,0.0,0.0,0.0,0.0,0.0,0.0,0.0,0.0,0.0,0.0,0.0,0.0,0.0,0.0,0.0,0.0,0.0,0.0,0.0,0.0,0.0,0.0,0.0,0.0,0.0,0.0,0.0,0.0,0.0,0.0,0.0,0.0,0.0,0.0,0.0,0.0,0.0,0.0,0.0,0.0,0.0,0.0,0.0,0.0,0.0,0.0,0.0,0.0,0.0,0.0,2905271.0,30.9047,2200.0,0.0234,0.0,0.0,285309.0,3.035,0.0,0.0021,851718.0,0.0,0.0,0.0,550.0,0.0059,5357902.0,66.029,8549032.0,33.9631
185,2017-09,2017,Sep2017,Gajra Bevel,Gajra Bevel Gears Ltd,505711,INE282D01010,XT,Small Cap,Y,N,3.06,00000004,Auto Ancillaries,00000010,Auto Ancillaries,Company,GAJRA,Suspended,Not Listed,,Y,Nutral,0,Sep2017,0,0,0.0,0.0,0.0,0.0,0.0,0.0,0.0,0.0,0.0,0.0,0.0,0.0,0.0,0.0,0.0,0.0,0.0,0.0,0.0,0.0,0.0,0.0,0.0,0.0,0.0,0.0,0.0,0.0,0.0,0.0,0.0,0.0,0.0,0.0,0.0,0.0,0.0,0.0,0.0,0.0,0.0,0.0,0.0,0.0,0.0,0.0,0.0,0.0,0.0,0.0,0.0,0.0,0.0,0.0,0.0,0.0,0.0,0.0,0.0,0.0,2905271.0,30.9047,2200.0,0.0234,0.0,0.0,285309.0,3.035,0.0,0.0021,836153.0,0.0,0.0,0.0,550.0,0.0059,5373467.0,66.029,8564597.0,33.9631
185,2017-06,2017,Jun2017,Gajra Bevel,Gajra Bevel Gears Ltd,505711,INE282D01010,XT,Small Cap,Y,N,3.06,00000004,Auto Ancillaries,00000010,Auto Ancillaries,Company,GAJRA,Suspended,Not Listed,,Y,Nutral,0,Jun2017,0,0,0.0,0.0,0.0,0.0,0.0,0.0,0.0,0.0,0.0,0.0,0.0,0.0,0.0,0.0,0.0,0.0,0.0,0.0,0.0,0.0,0.0,0.0,0.0,0.0,0.0,0.0,0.0,0.0,0.0,0.0,0.0,0.0,0.0,0.0,0.0,0.0,0.0,0.0,0.0,0.0,0.0,0.0,0.0,0.0,0.0,0.0,0.0,0.0,0.0,0.0,0.0,0.0,0.0,0.0,0.0,0.0,0.0,0.0,0.0,0.0,2905271.0,30.9047,2200.0,0.0234,0.0,0.0,285309.0,3.035,0.0,0.0021,859583.0,0.0,0.0,0.0,550.0,0.0059,5350037.0,66.029,8541167.0,33.9631
185,2017-03,2017,Mar2017,Gajra Bevel,Gajra Bevel Gears Ltd,505711,INE282D01010,XT,Small Cap,Y,N,3.06,00000004,Auto Ancillaries,00000010,Auto Ancillaries,Company,GAJRA,Suspended,Not Listed,,Y,Nutral,S,Mar2017,00000004,00000010,0.0,0.0,0.0,0.0,0.0,0.0,0.14,0.09,0.05,0.38,0.07,-0.54,0.0,0.0,0.0,0.0,-0.53,0.0,-47.26,0.0,-47.79,0.0,0.0,0.0,0.0,0.0,0.0,0.05,0.0,0.0,0.0,-0.53,0.0,0.0,-38.52,-38.52,0.0,0.0,0.0,-0.47,0.0,0.0,0.0,0.0,0.0,0.0,0.0,0.0,0.0,0.0,0.0,0.0,0.0,0.0,0.0,0.0,0.0,0.19,0.0,-0.38,2905271.0,30.9047,2200.0,0.0234,0.0,0.0,285309.0,3.035,0.0,0.0021,916564.0,0.0,0.0,0.0,550.0,0.0059,5293056.0,66.029,8484186.0,33.9631
185,2016-12,2016,Dec2016,Gajra Bevel,Gajra Bevel Gears Ltd,505711,INE282D01010,XT,Small Cap,Y,N,3.06,00000004,Auto Ancillaries,00000010,Auto Ancillaries,Company,GAJRA,Suspended,Not Listed,,Y,Nutral,0,Dec2016,0,0,0.0,0.0,0.0,0.0,0.0,0.0,0.0,0.0,0.0,0.0,0.0,0.0,0.0,0.0,0.0,0.0,0.0,0.0,0.0,0.0,0.0,0.0,0.0,0.0,0.0,0.0,0.0,0.0,0.0,0.0,0.0,0.0,0.0,0.0,0.0,0.0,0.0,0.0,0.0,0.0,0.0,0.0,0.0,0.0,0.0,0.0,0.0,0.0,0.0,0.0,0.0,0.0,0.0,0.0,0.0,0.0,0.0,0.0,0.0,0.0,2905271.0,30.9047,2200.0,0.0234,0.0,0.0,285309.0,3.035,0.0,0.0021,932308.0,0.0,0.0,0.0,550.0,0.0059,5277312.0,66.029,8468442.0,33.9631
185,2016-03,2016,Mar2016,Gajra Bevel,Gajra Bevel Gears Ltd,505711,INE282D01010,XT,Small Cap,Y,N,3.06,00000004,Auto Ancillaries,00000010,Auto Ancillaries,Company,GAJRA,Suspended,Not Listed,,Y,Nutral,S,Mar2016,00000004,00000010,0.0,0.0,0.01,0.01,0.0,0.0,0.0,0.0,0.07,0.23,0.07,-0.29000000000000004,1.34,0.0,0.0,0.0,-1.63,0.0,-45.63,0.0,-47.26,0.0,0.0,0.0,0.0,0.0,0.0,0.07,0.0,0.0,0.0,-1.63,0.0,0.0,-37.95,-37.95,0.0,0.0,0.0,-0.22,0.0,0.0,0.0,0.0,0.0,0.0,0.0,0.0,0.0,0.0,0.0,0.0,0.0,0.0,0.0,0.0,0.0,0.16,0.0,-0.22,0.0,0.0,0.0,0.0,0.0,0.0,0.0,0.0,0.0,0.0,0.0,0.0,0.0,0.0,0.0,0.0,0.0,0.0,0.0,0.0
185,2015-03,2015,Mar2015,Gajra Bevel,Gajra Bevel Gears Ltd,505711,INE282D01010,XT,Small Cap,Y,N,3.06,00000004,Auto Ancillaries,00000010,Auto Ancillaries,Company,GAJRA,Suspended,Not Listed,,Y,Nutral,S,Mar2015,00000004,00000010,0.0,0.0,5.29,5.29,0.0,0.0,1.28,0.0,0.04,1.48,0.07,3.74,0.0,0.0,0.0,0.0,3.74,0.0,-49.37,0.0,-45.63,0.0,0.0,0.0,0.0,0.0,0.0,0.04,0.0,0.0,0.0,3.74,3.98,3.98,-36.21,-36.21,0.0,0.0,0.0,3.81,0.0,0.0,0.0,0.0,0.0,0.0,0.0,0.0,0.0,0.0,0.0,0.0,0.0,0.0,0.0,0.0,0.0,0.17,0.0,3.81,0.0,0.0,0.0,0.0,0.0,0.0,0.0,0.0,0.0,0.0,0.0,0.0,0.0,0.0,0.0,0.0,0.0,0.0,0.0,0.0
185,2014-03,2014,Mar2014,Gajra Bevel,Gajra Bevel Gears Ltd,505711,INE282D01010,XT,Small Cap,Y,N,3.06,00000004,Auto Ancillaries,00000010,Auto Ancillaries,Company,GAJRA,Suspended,Not Listed,,Y,Nutral,S,Mar2014,00000004,00000010,0.0,0.0,0.96,0.96,0.0,0.0,4.29,0.0,0.0,4.42,1.51,-4.97,3.84,0.0,0.0,0.0,-8.81,0.0,-40.56,0.0,-49.37,0.0,0.0,0.0,0.0,0.0,0.0,0.0,0.0,0.0,0.0,-8.81,0.0,0.0,-40.19,-40.19,0.0,0.0,0.0,-3.46,0.0,0.0,0.0,0.0,0.0,0.0,0.0,0.0,0.0,0.0,0.0,0.0,0.0,0.0,0.0,0.0,0.0,0.13,0.0,-3.46,0.0,0.0,0.0,0.0,0.0,0.0,0.0,0.0,0.0,0.0,0.0,0.0,0.0,0.0,0.0,0.0,0.0,0.0,0.0,0.0
185,2013-06,2013,Jun2013,Gajra Bevel,Gajra Bevel Gears Ltd,505711,INE282D01010,XT,Small Cap,Y,N,3.06,00000004,Auto Ancillaries,00000010,Auto Ancillaries,Company,GAJRA,Suspended,Not Listed,,Y,Nutral,S,Jun2013,00000004,00000010,0.0,0.0,0.0,0.0,0.0,0.0,0.0,0.0,0.0,0.07,0.18,-0.25,0.0,0.0,0.0,0.0,-0.25,0.0,-40.31,0.0,-40.56,0.0,0.0,0.0,0.0,0.0,0.0,0.0,0.0,0.0,0.0,-0.25,0.0,0.0,-30.83,-30.83,0.0,0.0,0.0,-0.07,0.0,0.0,0.0,0.0,0.0,0.0,0.0,0.0,0.0,0.0,0.0,0.0,0.0,0.0,0.0,0.0,0.0,0.07,0.0,-0.07,0.0,0.0,0.0,0.0,0.0,0.0,0.0,0.0,0.0,0.0,0.0,0.0,0.0,0.0,0.0,0.0,0.0,0.0,0.0,0.0
185,2012-09,2012,Sep2012,Gajra Bevel,Gajra Bevel Gears Ltd,505711,INE282D01010,XT,Small Cap,Y,N,3.06,00000004,Auto Ancillaries,00000010,Auto Ancillaries,Company,GAJRA,Suspended,Not Listed,,Y,Nutral,S,Sep2012,00000004,00000010,0.0,0.0,0.15,0.15,0.0,0.0,0.0,0.44,0.0,0.13,0.25,-0.6799999999999999,0.0,0.0,0.0,0.0,-0.68,0.0,-39.63,0.0,-40.31,0.0,0.0,0.0,0.0,0.0,0.0,0.0,0.0,0.0,0.0,-0.68,0.0,0.0,-30.56,-30.56,0.0,0.0,0.0,-0.43,0.0,0.0,0.0,0.0,0.0,0.0,0.0,0.0,0.0,0.0,0.0,0.0,0.0,0.0,0.0,0.0,0.0,0.13,0.0,0.010000000000000009,0.0,0.0,0.0,0.0,0.0,0.0,0.0,0.0,0.0,0.0,0.0,0.0,0.0,0.0,0.0,0.0,0.0,0.0,0.0,0.0
185,2011-09,2011,Sep2011,Gajra Bevel,Gajra Bevel Gears Ltd,505711,INE282D01010,XT,Small Cap,Y,N,3.06,00000004,Auto Ancillaries,00000010,Auto Ancillaries,Company,GAJRA,Suspended,Not Listed,,Y,Nutral,S,Sep2011,00000004,00000010,0.0,0.0,0.0,0.0,0.0,0.0,0.17,0.44,0.0,0.29,0.1,-0.83,0.0,0.0,0.0,0.0,-0.83,0.0,-38.8,0.0,-39.63,0.0,0.0,0.0,0.0,0.0,0.0,0.0,0.0,0.0,0.0,-0.83,0.0,0.0,-29.85,-29.85,0.0,0.0,0.0,-0.73,0.0,0.0,0.0,0.0,0.0,0.0,0.0,0.0,0.0,0.0,0.0,0.0,0.0,0.0,0.0,0.0,0.0,0.12,0.0,-0.29,0.0,0.0,0.0,0.0,0.0,0.0,0.0,0.0,0.0,0.0,0.0,0.0,0.0,0.0,0.0,0.0,0.0,0.0,0.0,0.0
185,2010-09,2010,Sep2010,Gajra Bevel,Gajra Bevel Gears Ltd,505711,INE282D01010,XT,Small Cap,Y,N,3.06,00000004,Auto Ancillaries,00000010,Auto Ancillaries,Company,GAJRA,Suspended,Not Listed,,Y,Nutral,S,Sep2010,00000004,00000010,0.0,0.0,0.01,0.01,0.0,0.0,0.23,0.37,0.0,0.25,0.1,-0.71,0.0,0.0,0.0,0.0,-0.71,0.0,-38.09,0.0,-38.8,0.0,0.0,0.0,0.0,0.0,0.0,0.0,0.0,0.0,0.0,-0.71,0.0,0.0,-28.97,-28.97,0.0,0.0,0.0,-0.61,0.0,0.0,0.0,0.0,0.0,0.0,0.0,0.0,0.0,0.0,0.0,0.0,0.0,0.0,0.0,0.0,0.0,0.02,0.0,-0.24,0.0,0.0,0.0,0.0,0.0,0.0,0.0,0.0,0.0,0.0,0.0,0.0,0.0,0.0,0.0,0.0,0.0,0.0,0.0,0.0
233,2024-06,2024,Jun2024,Harri. Malayalam,Harrisons Malayalam Ltd,500467,INE544A01019,T,Small Cap,Y,Y,467.04,00000047,Plantation & Plantation Products,00000106,Miscellaneous,Company,HARRMALAYA,Active,Active,HARRMALAYA,Y,Nutral,0,Jun2024,0,0,0.0,0.0,0.0,0.0,0.0,0.0,0.0,0.0,0.0,0.0,0.0,0.0,0.0,0.0,0.0,0.0,0.0,0.0,0.0,0.0,0.0,0.0,0.0,0.0,0.0,0.0,0.0,0.0,0.0,0.0,0.0,0.0,0.0,0.0,0.0,0.0,0.0,0.0,0.0,0.0,0.0,0.0,0.0,0.0,0.0,0.0,0.0,0.0,0.0,0.0,0.0,0.0,0.0,0.0,0.0,0.0,0.0,0.0,0.0,0.0,9987898.0,54.1191,0.0,0.0,0.0,0.0,2015.0,0.0109,1500.0,0.0081,1591338.0,0.0,0.0,0.0,6500.0,0.0352,6866154.0,45.8266,16864067.0,54.13
233,2024-03,2024,Mar2024,Harri. Malayalam,Harrisons Malayalam Ltd,500467,INE544A01019,T,Small Cap,Y,Y,467.04,00000047,Plantation & Plantation Products,00000106,Miscellaneous,Company,HARRMALAYA,Active,Active,HARRMALAYA,Y,Nutral,S,Mar2024,00000047,00000106,0.0,488.12,8.74,499.25,0.0,0.0,16.54,13.14,187.91,487.64,5.77,-7.289999999999999,0.0,0.0,0.0,-7.45,0.16000000000000014,-4.98,67.87,0.0,55.6,0.0,0.0,0.0,0.0,29.27,0.0,441.76,2.39,0.0,0.0,-7.29,-3.95,-3.95,77.99,77.99,458.85,0.0,0.0,-1.52,0.0,0.0,0.0,0.0,0.0,0.0,0.0,0.0,0.0,0.0,0.0,488.12,0.0,2.39,153.92,27.36,72.57,29.33,0.0,11.620000000000001,9987898.0,54.1191,0.0,0.0,0.0,0.0,2015.0,0.0109,20962.0,0.1136,1683468.0,0.0,0.0,0.0,6500.0,0.0352,6754562.0,45.7212,16771937.0,54.13
233,2024-03,2024,Mar2024,Harri. Malayalam,Harrisons Malayalam Ltd,500467,INE544A01019,T,Small Cap,Y,Y,467.04,00000047,Plantation & Plantation Products,00000106,Miscellaneous,Company,HARRMALAYA,Active,Active,HARRMALAYA,Y,Nutral,C,Mar2024,00000047,00000106,0.0,488.12,8.74,499.25,0.0,0.0,16.55,13.14,187.91,487.65,5.77,-7.3,0.0,0.0,0.0,-7.45,0.15000000000000036,-4.98,67.84,0.0,55.56,0.0,0.0,0.0,0.0,29.27,0.0,441.76,2.39,0.0,0.0,-7.3,0.0,0.0,77.97,77.97,458.85,0.0,0.0,-1.53,0.0,0.0,0.0,0.0,0.0,-7.3,0.0,-3.96,-3.96,-3.96,-3.96,488.12,0.0,2.39,153.92,27.36,72.57,29.33,0.0,11.610000000000001,9987898.0,54.1191,0.0,0.0,0.0,0.0,2015.0,0.0109,20962.0,0.1136,1683468.0,0.0,0.0,0.0,6500.0,0.0352,6754562.0,45.7212,16771937.0,54.13
233,2023-12,2023,Dec2023,Harri. Malayalam,Harrisons Malayalam Ltd,500467,INE544A01019,T,Small Cap,Y,Y,467.04,00000047,Plantation & Plantation Products,00000106,Miscellaneous,Company,HARRMALAYA,Active,Active,HARRMALAYA,Y,Nutral,0,Dec2023,0,0,0.0,0.0,0.0,0.0,0.0,0.0,0.0,0.0,0.0,0.0,0.0,0.0,0.0,0.0,0.0,0.0,0.0,0.0,0.0,0.0,0.0,0.0,0.0,0.0,0.0,0.0,0.0,0.0,0.0,0.0,0.0,0.0,0.0,0.0,0.0,0.0,0.0,0.0,0.0,0.0,0.0,0.0,0.0,0.0,0.0,0.0,0.0,0.0,0.0,0.0,0.0,0.0,0.0,0.0,0.0,0.0,0.0,0.0,0.0,0.0,9987898.0,54.1191,0.0,0.0,0.0,0.0,2015.0,0.0109,19156.0,0.1038,1640152.0,0.0,0.0,0.0,6500.0,0.0352,6799684.0,45.731,16815253.0,54.13
233,2023-09,2023,Sep2023,Harri. Malayalam,Harrisons Malayalam Ltd,500467,INE544A01019,T,Small Cap,Y,Y,467.04,00000047,Plantation & Plantation Products,00000106,Miscellaneous,Company,HARRMALAYA,Active,Active,HARRMALAYA,Y,Nutral,0,Sep2023,0,0,0.0,0.0,0.0,0.0,0.0,0.0,0.0,0.0,0.0,0.0,0.0,0.0,0.0,0.0,0.0,0.0,0.0,0.0,0.0,0.0,0.0,0.0,0.0,0.0,0.0,0.0,0.0,0.0,0.0,0.0,0.0,0.0,0.0,0.0,0.0,0.0,0.0,0.0,0.0,0.0,0.0,0.0,0.0,0.0,0.0,0.0,0.0,0.0,0.0,0.0,0.0,0.0,0.0,0.0,0.0,0.0,0.0,0.0,0.0,0.0,9987898.0,54.1191,0.0,0.0,0.0,0.0,2015.0,0.0109,16872.0,0.0914,1585845.0,0.0,0.0,0.0,6500.0,0.0352,6856275.0,45.7433,16869560.0,54.13
233,2023-06,2023,Jun2023,Harri. Malayalam,Harrisons Malayalam Ltd,500467,INE544A01019,T,Small Cap,Y,Y,467.04,00000047,Plantation & Plantation Products,00000106,Miscellaneous,Company,HARRMALAYA,Active,Active,HARRMALAYA,Y,Nutral,0,Jun2023,0,0,0.0,0.0,0.0,0.0,0.0,0.0,0.0,0.0,0.0,0.0,0.0,0.0,0.0,0.0,0.0,0.0,0.0,0.0,0.0,0.0,0.0,0.0,0.0,0.0,0.0,0.0,0.0,0.0,0.0,0.0,0.0,0.0,0.0,0.0,0.0,0.0,0.0,0.0,0.0,0.0,0.0,0.0,0.0,0.0,0.0,0.0,0.0,0.0,0.0,0.0,0.0,0.0,0.0,0.0,0.0,0.0,0.0,0.0,0.0,0.0,9987898.0,54.1191,0.0,0.0,0.0,0.0,2015.0,0.0109,20036.0,0.1086,1322128.0,0.0,0.0,0.0,6500.0,0.0352,7116828.0,45.7262,17133277.0,54.13
233,2023-03,2023,Mar2023,Harri. Malayalam,Harrisons Malayalam Ltd,500467,INE544A01019,T,Small Cap,Y,Y,467.04,00000047,Plantation & Plantation Products,00000106,Miscellaneous,Company,HARRMALAYA,Active,Active,HARRMALAYA,Y,Nutral,S,Mar2023,00000047,00000106,0.0,486.77,7.12,495.11,0.0,0.0,7.79,12.23,177.97,460.74,4.36,17.78,0.0,0.0,0.0,0.3,17.48,0.41,49.68,0.0,67.87,0.0,0.0,10.0,1.0,27.92,0.0,420.68999999999994,1.22,0.0,0.0,17.78,9.63,9.63,84.64,84.64,458.84,0.0,0.0,22.14,0.0,0.0,0.0,0.0,0.0,0.0,0.0,0.0,0.0,0.0,0.0,486.77,0.0,1.22,143.12,23.64,75.96,32.26,0.0,34.370000000000005,9987898.0,54.1191,0.0,0.0,0.0,0.0,2015.0,0.0109,19770.0,0.1071,1269705.0,0.0,0.0,0.0,6500.0,0.0352,7169517.0,45.7276,17185700.0,54.13
233,2023-03,2023,Mar2023,Harri. Malayalam,Harrisons Malayalam Ltd,500467,INE544A01019,T,Small Cap,Y,Y,467.04,00000047,Plantation & Plantation Products,00000106,Miscellaneous,Company,HARRMALAYA,Active,Active,HARRMALAYA,Y,Nutral,C,Mar2023,00000047,00000106,0.0,486.77,7.12,495.11,0.0,0.0,7.8,12.23,177.97,460.75,4.36,17.77,0.0,0.0,0.0,0.3,17.47,0.41,49.66,0.0,67.84,0.0,0.0,0.0,1.0,27.92,0.0,420.68999999999994,1.22,0.0,0.0,17.77,0.0,0.0,84.62,84.62,458.84,0.0,0.0,22.13,0.0,0.0,0.0,0.0,0.0,17.77,10.0,9.63,9.63,9.63,9.63,486.77,0.0,1.22,143.12,23.64,75.96,32.26,0.0,34.36,9987898.0,54.1191,0.0,0.0,0.0,0.0,2015.0,0.0109,19770.0,0.1071,1269705.0,0.0,0.0,0.0,6500.0,0.0352,7169517.0,45.7276,17185700.0,54.13
233,2022-12,2022,Dec2022,Harri. Malayalam,Harrisons Malayalam Ltd,500467,INE544A01019,T,Small Cap,Y,Y,467.04,00000047,Plantation & Plantation Products,00000106,Miscellaneous,Company,HARRMALAYA,Active,Active,HARRMALAYA,Y,Nutral,0,Dec2022,0,0,0.0,0.0,0.0,0.0,0.0,0.0,0.0,0.0,0.0,0.0,0.0,0.0,0.0,0.0,0.0,0.0,0.0,0.0,0.0,0.0,0.0,0.0,0.0,0.0,0.0,0.0,0.0,0.0,0.0,0.0,0.0,0.0,0.0,0.0,0.0,0.0,0.0,0.0,0.0,0.0,0.0,0.0,0.0,0.0,0.0,0.0,0.0,0.0,0.0,0.0,0.0,0.0,0.0,0.0,0.0,0.0,0.0,0.0,0.0,0.0,9987898.0,54.1191,0.0,0.0,0.0,0.0,2015.0,0.0109,20103.0,0.1089,1258873.0,0.0,0.0,0.0,6500.0,0.0352,7180016.0,45.7258,17196532.0,54.13
233,2022-09,2022,Sep2022,Harri. Malayalam,Harrisons Malayalam Ltd,500467,INE544A01019,T,Small Cap,Y,Y,467.04,00000047,Plantation & Plantation Products,00000106,Miscellaneous,Company,HARRMALAYA,Active,Active,HARRMALAYA,Y,Nutral,0,Sep2022,0,0,0.0,0.0,0.0,0.0,0.0,0.0,0.0,0.0,0.0,0.0,0.0,0.0,0.0,0.0,0.0,0.0,0.0,0.0,0.0,0.0,0.0,0.0,0.0,0.0,0.0,0.0,0.0,0.0,0.0,0.0,0.0,0.0,0.0,0.0,0.0,0.0,0.0,0.0,0.0,0.0,0.0,0.0,0.0,0.0,0.0,0.0,0.0,0.0,0.0,0.0,0.0,0.0,0.0,0.0,0.0,0.0,0.0,0.0,0.0,0.0,9987898.0,54.1191,0.0,0.0,0.0,0.0,2485.0,0.0135,54073.0,0.29319999999999996,1161903.0,0.0,0.0,0.0,6520.0,0.0353,7242526.0,45.5389,17293502.0,54.132600000000004
233,2022-06,2022,Jun2022,Harri. Malayalam,Harrisons Malayalam Ltd,500467,INE544A01019,T,Small Cap,Y,Y,467.04,00000047,Plantation & Plantation Products,00000106,Miscellaneous,Company,HARRMALAYA,Active,Active,HARRMALAYA,Y,Nutral,0,Jun2022,0,0,0.0,0.0,0.0,0.0,0.0,0.0,0.0,0.0,0.0,0.0,0.0,0.0,0.0,0.0,0.0,0.0,0.0,0.0,0.0,0.0,0.0,0.0,0.0,0.0,0.0,0.0,0.0,0.0,0.0,0.0,0.0,0.0,0.0,0.0,0.0,0.0,0.0,0.0,0.0,0.0,0.0,0.0,0.0,0.0,0.0,0.0,0.0,0.0,0.0,0.0,0.0,0.0,0.0,0.0,0.0,0.0,0.0,0.0,0.0,0.0,9987898.0,54.1191,0.0,0.0,0.0,0.0,2485.0,0.0135,24980.0,0.1354,1208760.0,0.0002,0.0,0.0,6520.0,0.0353,7224762.0,45.6966,17246645.0,54.132600000000004
233,2022-03,2022,Mar2022,Harri. Malayalam,Harrisons Malayalam Ltd,500467,INE544A01019,T,Small Cap,Y,Y,467.04,00000047,Plantation & Plantation Products,00000106,Miscellaneous,Company,HARRMALAYA,Active,Active,HARRMALAYA,Y,Nutral,S,Mar2022,00000047,00000106,0.0,471.53,7.13,475.39,0.0,0.0,5.72,11.18,165.68,437.03,4.23,22.95,0.0,0.0,0.0,2.63,20.32,-0.1,26.83,0.0,49.68,0.0,0.0,0.0,0.0,23.12,0.0,404.23,-3.27,0.0,0.0,22.95,12.44,12.44,74.78,74.78,448.41,0.0,0.0,27.18,0.0,0.0,0.0,0.0,0.0,0.0,0.0,0.0,0.0,0.0,0.0,471.53,0.0,-3.27,156.1,21.66,60.79,27.07,0.0,38.36,9987898.0,54.1191,0.0,0.0,0.0,0.0,2485.0,0.0135,75544.0,0.4093,1195867.0,0.0002,0.0,0.0,6520.0,0.0353,7187091.0,45.4226,17259538.0,54.132600000000004
233,2022-03,2022,Mar2022,Harri. Malayalam,Harrisons Malayalam Ltd,500467,INE544A01019,T,Small Cap,Y,Y,467.04,00000047,Plantation & Plantation Products,00000106,Miscellaneous,Company,HARRMALAYA,Active,Active,HARRMALAYA,Y,Nutral,C,Mar2022,00000047,00000106,0.0,471.53,7.13,475.39,0.0,0.0,5.55,11.18,165.68,436.89,4.23,23.09,0.0,0.0,0.0,2.63,20.46,-0.1,26.67,0.0,49.66,0.0,0.0,0.0,0.0,23.12,0.0,404.23,-3.27,0.0,0.0,23.09,0.0,0.0,74.77,74.77,448.41,0.0,0.0,27.32,0.0,0.0,0.0,0.0,0.0,23.09,0.0,12.51,12.51,12.51,12.51,471.53,0.0,-3.27,156.1,21.66,60.79,27.1,0.0,38.5,9987898.0,54.1191,0.0,0.0,0.0,0.0,2485.0,0.0135,75544.0,0.4093,1195867.0,0.0002,0.0,0.0,6520.0,0.0353,7187091.0,45.4226,17259538.0,54.132600000000004
233,2021-12,2021,Dec2021,Harri. Malayalam,Harrisons Malayalam Ltd,500467,INE544A01019,T,Small Cap,Y,Y,467.04,00000047,Plantation & Plantation Products,00000106,Miscellaneous,Company,HARRMALAYA,Active,Active,HARRMALAYA,Y,Nutral,0,Dec2021,0,0,0.0,0.0,0.0,0.0,0.0,0.0,0.0,0.0,0.0,0.0,0.0,0.0,0.0,0.0,0.0,0.0,0.0,0.0,0.0,0.0,0.0,0.0,0.0,0.0,0.0,0.0,0.0,0.0,0.0,0.0,0.0,0.0,0.0,0.0,0.0,0.0,0.0,0.0,0.0,0.0,0.0,0.0,0.0,0.0,0.0,0.0,0.0,0.0,0.0,0.0,0.0,0.0,0.0,0.0,0.0,0.0,0.0,0.0,0.0,0.0,9987898.0,54.1191,0.0,0.0,0.0,0.0,2485.0,0.0135,87201.0,0.4725,1288923.0,0.0002,0.0,0.0,6520.0,0.0353,7082378.0,45.3594,17166482.0,54.132600000000004
233,2021-09,2021,Sep2021,Harri. Malayalam,Harrisons Malayalam Ltd,500467,INE544A01019,T,Small Cap,Y,Y,467.04,00000047,Plantation & Plantation Products,00000106,Miscellaneous,Company,HARRMALAYA,Active,Active,HARRMALAYA,Y,Nutral,0,Sep2021,0,0,0.0,0.0,0.0,0.0,0.0,0.0,0.0,0.0,0.0,0.0,0.0,0.0,0.0,0.0,0.0,0.0,0.0,0.0,0.0,0.0,0.0,0.0,0.0,0.0,0.0,0.0,0.0,0.0,0.0,0.0,0.0,0.0,0.0,0.0,0.0,0.0,0.0,0.0,0.0,0.0,0.0,0.0,0.0,0.0,0.0,0.0,0.0,0.0,0.0,0.0,0.0,0.0,0.0,0.0,0.0,0.0,0.0,0.0,0.0,0.0,9987898.0,54.1191,0.0,0.0,0.0,0.0,2535.0,0.0137,36960.0,0.2003,1341220.0,0.0002,0.0,0.0,6520.0,0.0353,7080272.0,45.6314,17114185.0,54.1328
233,2021-06,2021,Jun2021,Harri. Malayalam,Harrisons Malayalam Ltd,500467,INE544A01019,T,Small Cap,Y,Y,467.04,00000047,Plantation & Plantation Products,00000106,Miscellaneous,Company,HARRMALAYA,Active,Active,HARRMALAYA,Y,Nutral,0,Jun2021,0,0,0.0,0.0,0.0,0.0,0.0,0.0,0.0,0.0,0.0,0.0,0.0,0.0,0.0,0.0,0.0,0.0,0.0,0.0,0.0,0.0,0.0,0.0,0.0,0.0,0.0,0.0,0.0,0.0,0.0,0.0,0.0,0.0,0.0,0.0,0.0,0.0,0.0,0.0,0.0,0.0,0.0,0.0,0.0,0.0,0.0,0.0,0.0,0.0,0.0,0.0,0.0,0.0,0.0,0.0,0.0,0.0,0.0,0.0,0.0,0.0,9987498.0,54.1169,0.0,0.0,0.0,0.0,2535.0,0.0137,0.0,0.0,1489430.0,0.0002,0.0,0.0,6520.0,0.0353,6969422.0,45.8338,16965975.0,54.1306
233,2021-03,2021,Mar2021,Harri. Malayalam,Harrisons Malayalam Ltd,500467,INE544A01019,T,Small Cap,Y,Y,467.04,00000047,Plantation & Plantation Products,00000106,Miscellaneous,Company,HARRMALAYA,Active,Active,HARRMALAYA,Y,Nutral,C,Mar2021,00000047,00000106,0.0,451.11,2.83,446.09,0.0,0.0,4.83,13.6,161.12,387.96999999999997,4.11,40.42,0.0,0.0,0.0,0.01,40.410000000000004,-4.31,-9.44,0.0,26.67,0.0,0.0,0.0,0.0,30.55,0.0,368.96,-7.85,0.0,0.0,40.42,0.0,0.0,62.32,62.32,420.57,0.0,0.0,44.53,0.0,0.0,0.0,0.0,0.0,40.42,0.0,21.9,21.9,21.9,21.9,451.11,0.0,-7.85,127.69,21.29,58.86,14.18,0.0,58.13,9987498.0,54.1169,0.0,0.0,0.0,0.0,2535.0,0.0137,0.0,0.0,1534236.0,0.0002,0.0,0.0,6520.0,0.0353,6924616.0,45.8338,16921169.0,54.1306
233,2021-03,2021,Mar2021,Harri. Malayalam,Harrisons Malayalam Ltd,500467,INE544A01019,T,Small Cap,Y,Y,467.04,00000047,Plantation & Plantation Products,00000106,Miscellaneous,Company,HARRMALAYA,Active,Active,HARRMALAYA,Y,Nutral,S,Mar2021,00000047,00000106,0.0,451.11,2.83,446.09,0.0,0.0,4.84,13.6,161.12,387.95,4.11,40.44,0.0,0.0,0.0,0.01,40.440000000000005,-4.31,-9.31,0.0,26.83,0.0,0.0,0.0,0.0,30.55,0.0,358.77,-7.85,0.0,0.0,40.45,21.92,21.92,62.4,62.4,420.57,0.0,0.0,44.55,0.0,0.0,0.0,0.0,0.0,0.0,0.0,0.0,0.0,0.0,0.0,451.11,0.0,-7.85,127.69,21.29,48.67,24.34,0.0,58.15,9987498.0,54.1169,0.0,0.0,0.0,0.0,2535.0,0.0137,0.0,0.0,1534236.0,0.0002,0.0,0.0,6520.0,0.0353,6924616.0,45.8338,16921169.0,54.1306
233,2020-12,2020,Dec2020,Harri. Malayalam,Harrisons Malayalam Ltd,500467,INE544A01019,T,Small Cap,Y,Y,467.04,00000047,Plantation & Plantation Products,00000106,Miscellaneous,Company,HARRMALAYA,Active,Active,HARRMALAYA,Y,Nutral,0,Dec2020,0,0,0.0,0.0,0.0,0.0,0.0,0.0,0.0,0.0,0.0,0.0,0.0,0.0,0.0,0.0,0.0,0.0,0.0,0.0,0.0,0.0,0.0,0.0,0.0,0.0,0.0,0.0,0.0,0.0,0.0,0.0,0.0,0.0,0.0,0.0,0.0,0.0,0.0,0.0,0.0,0.0,0.0,0.0,0.0,0.0,0.0,0.0,0.0,0.0,0.0,0.0,0.0,0.0,0.0,0.0,0.0,0.0,0.0,0.0,0.0,0.0,9987498.0,54.1169,0.0,0.0,0.0,0.0,2535.0,0.0137,0.0,0.0,1471560.0,0.0002,0.0,0.0,6520.0,0.0353,6987292.0,45.8338,16983845.0,54.1306
233,2020-09,2020,Sep2020,Harri. Malayalam,Harrisons Malayalam Ltd,500467,INE544A01019,T,Small Cap,Y,Y,467.04,00000047,Plantation & Plantation Products,00000106,Miscellaneous,Company,HARRMALAYA,Active,Active,HARRMALAYA,Y,Nutral,0,Sep2020,0,0,0.0,0.0,0.0,0.0,0.0,0.0,0.0,0.0,0.0,0.0,0.0,0.0,0.0,0.0,0.0,0.0,0.0,0.0,0.0,0.0,0.0,0.0,0.0,0.0,0.0,0.0,0.0,0.0,0.0,0.0,0.0,0.0,0.0,0.0,0.0,0.0,0.0,0.0,0.0,0.0,0.0,0.0,0.0,0.0,0.0,0.0,0.0,0.0,0.0,0.0,0.0,0.0,0.0,0.0,0.0,0.0,0.0,0.0,0.0,0.0,9973266.0,54.0398,0.0,0.0,0.0,0.0,2535.0,0.0137,0.0,0.0,1342823.0,0.0002,0.0,0.0,6520.0,0.0353,7130261.0,45.9109,17112582.0,54.0535
233,2020-06,2020,Jun2020,Harri. Malayalam,Harrisons Malayalam Ltd,500467,INE544A01019,T,Small Cap,Y,Y,467.04,00000047,Plantation & Plantation Products,00000106,Miscellaneous,Company,HARRMALAYA,Active,Active,HARRMALAYA,Y,Nutral,0,Jun2020,0,0,0.0,0.0,0.0,0.0,0.0,0.0,0.0,0.0,0.0,0.0,0.0,0.0,0.0,0.0,0.0,0.0,0.0,0.0,0.0,0.0,0.0,0.0,0.0,0.0,0.0,0.0,0.0,0.0,0.0,0.0,0.0,0.0,0.0,0.0,0.0,0.0,0.0,0.0,0.0,0.0,0.0,0.0,0.0,0.0,0.0,0.0,0.0,0.0,0.0,0.0,0.0,0.0,0.0,0.0,0.0,0.0,0.0,0.0,0.0,0.0,9973266.0,54.0398,0.0,0.0,0.0,0.0,148292.0,0.8035,0.0,0.0,1425295.0,0.0002,0.0,0.0,6520.0,0.0353,6902032.0,45.1211,17030110.0,54.8433
233,2020-03,2020,Mar2020,Harri. Malayalam,Harrisons Malayalam Ltd,500467,INE544A01019,T,Small Cap,Y,Y,467.04,00000047,Plantation & Plantation Products,00000106,Miscellaneous,Company,HARRMALAYA,Active,Active,HARRMALAYA,Y,Nutral,S,Mar2020,00000047,00000106,0.0,387.3,6.13,406.21,0.0,0.0,6.6,15.91,164.81,376.71000000000004,4.3,9.29,0.0,0.0,0.0,-0.23,9.52,-8.93,-9.67,0.0,-9.31,0.0,0.0,0.0,0.0,47.69,0.0,352.5,12.78,0.0,0.0,9.29,5.03,5.03,42.82,42.82,339.61,0.0,0.0,13.59,0.0,0.0,0.0,0.0,0.0,0.0,0.0,0.0,0.0,0.0,0.0,387.3,0.0,12.78,107.22,21.95,58.52,17.62,0.0,29.5,9973266.0,54.0398,0.0,0.0,0.0,0.0,54735.0,0.2966,0.0,0.0,1492322.0,0.0002,0.0,0.0,6520.0,0.0353,6928562.0,45.6281,16963083.0,54.3364
233,2020-03,2020,Mar2020,Harri. Malayalam,Harrisons Malayalam Ltd,500467,INE544A01019,T,Small Cap,Y,Y,467.04,00000047,Plantation & Plantation Products,00000106,Miscellaneous,Company,HARRMALAYA,Active,Active,HARRMALAYA,Y,Nutral,C,Mar2020,00000047,00000106,0.0,387.3,6.13,406.21,0.0,0.0,6.6,15.91,164.81,376.74,4.3,9.260000000000002,0.0,0.0,0.0,-0.23,9.49,-8.93,-9.78,0.0,-9.44,0.0,0.0,0.0,0.0,47.69,0.0,352.5,12.78,0.0,0.0,9.26,0.0,0.0,42.75,42.75,339.61,0.0,0.0,13.56,0.0,0.0,0.0,0.0,0.0,9.26,0.0,5.02,5.02,5.02,5.02,387.3,0.0,12.78,107.22,21.95,58.52,17.64,0.0,29.47,9973266.0,54.0398,0.0,0.0,0.0,0.0,54735.0,0.2966,0.0,0.0,1492322.0,0.0002,0.0,0.0,6520.0,0.0353,6928562.0,45.6281,16963083.0,54.3364
233,2019-12,2019,Dec2019,Harri. Malayalam,Harrisons Malayalam Ltd,500467,INE544A01019,T,Small Cap,Y,Y,467.04,00000047,Plantation & Plantation Products,00000106,Miscellaneous,Company,HARRMALAYA,Active,Active,HARRMALAYA,Y,Nutral,0,Dec2019,0,0,0.0,0.0,0.0,0.0,0.0,0.0,0.0,0.0,0.0,0.0,0.0,0.0,0.0,0.0,0.0,0.0,0.0,0.0,0.0,0.0,0.0,0.0,0.0,0.0,0.0,0.0,0.0,0.0,0.0,0.0,0.0,0.0,0.0,0.0,0.0,0.0,0.0,0.0,0.0,0.0,0.0,0.0,0.0,0.0,0.0,0.0,0.0,0.0,0.0,0.0,0.0,0.0,0.0,0.0,0.0,0.0,0.0,0.0,0.0,0.0,9554263.0,51.7695,0.0,0.0,0.0,0.0,30447.0,0.165,0.0,0.0,1714359.0,0.0002,0.0,0.0,6520.0,0.0353,7149816.0,48.03,16741046.0,51.9345
233,2019-09,2019,Sep2019,Harri. Malayalam,Harrisons Malayalam Ltd,500467,INE544A01019,T,Small Cap,Y,Y,467.04,00000047,Plantation & Plantation Products,00000106,Miscellaneous,Company,HARRMALAYA,Active,Active,HARRMALAYA,Y,Nutral,0,Sep2019,0,0,0.0,0.0,0.0,0.0,0.0,0.0,0.0,0.0,0.0,0.0,0.0,0.0,0.0,0.0,0.0,0.0,0.0,0.0,0.0,0.0,0.0,0.0,0.0,0.0,0.0,0.0,0.0,0.0,0.0,0.0,0.0,0.0,0.0,0.0,0.0,0.0,0.0,0.0,0.0,0.0,0.0,0.0,0.0,0.0,0.0,0.0,0.0,0.0,0.0,0.0,0.0,0.0,0.0,0.0,0.0,0.0,0.0,0.0,0.0,0.0,9283805.0,50.304,0.0,0.0,0.0,0.0,3185.0,0.0173,0.0,0.0,1682741.0,0.0002,0.0,0.0,6520.0,0.0353,7479154.0,49.6432,16772664.0,50.3213
233,2019-06,2019,Jun2019,Harri. Malayalam,Harrisons Malayalam Ltd,500467,INE544A01019,T,Small Cap,Y,Y,467.04,00000047,Plantation & Plantation Products,00000106,Miscellaneous,Company,HARRMALAYA,Active,Active,HARRMALAYA,Y,Nutral,0,Jun2019,0,0,0.0,0.0,0.0,0.0,0.0,0.0,0.0,0.0,0.0,0.0,0.0,0.0,0.0,0.0,0.0,0.0,0.0,0.0,0.0,0.0,0.0,0.0,0.0,0.0,0.0,0.0,0.0,0.0,0.0,0.0,0.0,0.0,0.0,0.0,0.0,0.0,0.0,0.0,0.0,0.0,0.0,0.0,0.0,0.0,0.0,0.0,0.0,0.0,0.0,0.0,0.0,0.0,0.0,0.0,0.0,0.0,0.0,0.0,0.0,0.0,9283805.0,50.304,0.0,0.0,0.0,0.0,139355.0,0.7551,0.0,0.0,1940401.0,0.0002,0.0,0.0,6520.0,0.0353,7085324.0,48.9054,16515004.0,51.0591
233,2019-03,2019,Mar2019,Harri. Malayalam,Harrisons Malayalam Ltd,500467,INE544A01019,T,Small Cap,Y,Y,467.04,00000047,Plantation & Plantation Products,00000106,Miscellaneous,Company,HARRMALAYA,Active,Active,HARRMALAYA,Y,Nutral,S,Mar2019,00000047,00000106,0.0,353.75,6.15,359.77,0.0,0.0,5.61,13.99,152.27,365.71,4.16,-24.09,0.0,0.0,0.0,0.26,-24.35,-1.04,15.46,0.0,-9.67,0.0,0.0,0.0,0.0,14.36,0.0,333.23,-0.13,0.0,0.0,-24.09,0.0,0.0,42.62,42.62,339.39,0.0,0.0,-19.93,0.0,0.0,0.0,0.0,0.0,0.0,0.0,0.0,0.0,0.0,0.0,353.75,0.0,-0.13,114.77,20.67,45.52,26.88,0.0,-5.9399999999999995,0.0,0.0,0.0,0.0,0.0,0.0,0.0,0.0,0.0,0.0,0.0,0.0,0.0,0.0,0.0,0.0,0.0,0.0,0.0,0.0
233,2019-03,2019,Mar2019,Harri. Malayalam,Harrisons Malayalam Ltd,500467,INE544A01019,T,Small Cap,Y,Y,467.04,00000047,Plantation & Plantation Products,00000106,Miscellaneous,Company,HARRMALAYA,Active,Active,HARRMALAYA,Y,Nutral,C,Mar2019,00000047,00000106,0.0,353.75,6.15,359.77,0.0,0.0,5.6,13.99,152.27,365.71,4.16,-24.1,0.0,0.0,0.0,0.26,-24.35,-1.04,15.35,0.0,-9.78,0.0,0.0,0.0,0.0,14.36,0.0,333.23,-0.13,0.0,0.0,-24.09,0.0,0.0,42.56,42.56,339.39,0.0,0.0,-19.94,0.0,0.0,0.0,0.0,0.0,-24.09,0.0,0.0,0.0,0.0,0.0,353.75,0.0,-0.13,114.77,20.67,45.52,26.88,0.0,-5.950000000000001,0.0,0.0,0.0,0.0,0.0,0.0,0.0,0.0,0.0,0.0,0.0,0.0,0.0,0.0,0.0,0.0,0.0,0.0,0.0,0.0
233,2018-03,2018,Mar2018,Harri. Malayalam,Harrisons Malayalam Ltd,500467,INE544A01019,T,Small Cap,Y,Y,467.04,00000047,Plantation & Plantation Products,00000106,Miscellaneous,Company,HARRMALAYA,Active,Active,HARRMALAYA,Y,Nutral,S,Mar2018,00000047,00000106,0.0,383.31,8.73,392.22,0.0,0.0,5.11,12.68,152.4,370.93,4.16,4.449999999999999,0.0,0.0,0.0,0.59,3.8600000000000003,-3.12,14.13,0.0,15.46,0.0,0.0,0.0,0.0,6.64,0.0,338.84000000000003,0.18,0.0,0.0,4.45,2.41,2.41,56.24,56.24,376.67,0.0,0.0,8.61,0.0,0.0,0.0,0.0,0.0,0.0,0.0,0.0,0.0,0.0,0.0,383.31,0.0,0.18,115.01,22.3,49.13,26.99,0.0,21.29,0.0,0.0,0.0,0.0,0.0,0.0,0.0,0.0,0.0,0.0,0.0,0.0,0.0,0.0,0.0,0.0,0.0,0.0,0.0,0.0
233,2018-03,2018,Mar2018,Harri. Malayalam,Harrisons Malayalam Ltd,500467,INE544A01019,T,Small Cap,Y,Y,467.04,00000047,Plantation & Plantation Products,00000106,Miscellaneous,Company,HARRMALAYA,Active,Active,HARRMALAYA,Y,Nutral,C,Mar2018,00000047,00000106,0.0,383.31,8.73,392.22,0.0,0.0,5.1,12.68,152.4,370.93,4.16,4.449999999999999,0.0,0.0,0.0,0.59,3.8600000000000003,-3.12,14.03,0.0,15.35,0.0,0.0,0.0,0.0,6.64,0.0,338.84000000000003,0.18,0.0,0.0,4.45,0.0,0.0,56.18,56.18,376.67,0.0,0.0,8.61,0.0,0.0,0.0,0.0,0.0,4.45,0.0,2.41,2.41,2.41,2.41,383.31,0.0,0.18,115.01,22.3,49.13,27.0,0.0,21.29,0.0,0.0,0.0,0.0,0.0,0.0,0.0,0.0,0.0,0.0,0.0,0.0,0.0,0.0,0.0,0.0,0.0,0.0,0.0,0.0
233,2017-03,2017,Mar2017,Harri. Malayalam,Harrisons Malayalam Ltd,500467,INE544A01019,T,Small Cap,Y,Y,467.04,00000047,Plantation & Plantation Products,00000106,Miscellaneous,Company,HARRMALAYA,Active,Active,HARRMALAYA,Y,Nutral,S,Mar2017,00000047,00000106,0.0,366.64,10.04,379.0,0.0,0.0,4.77,13.87,144.96,356.03,5.01,4.1,0.0,0.0,0.0,4.7,-0.6100000000000003,-3.6,13.64,0.0,14.13,0.0,0.0,0.0,0.0,6.27,0.0,327.24,2.32,0.0,0.0,4.09,2.22,2.22,55.52,55.52,360.37,0.0,0.0,9.11,0.0,0.0,0.0,0.0,0.0,0.0,0.0,0.0,0.0,0.0,0.0,366.64,0.0,2.32,118.86,20.27,43.15,24.03,0.0,22.979999999999997,0.0,0.0,0.0,0.0,0.0,0.0,0.0,0.0,0.0,0.0,0.0,0.0,0.0,0.0,0.0,0.0,0.0,0.0,0.0,0.0
233,2017-03,2017,Mar2017,Harri. Malayalam,Harrisons Malayalam Ltd,500467,INE544A01019,T,Small Cap,Y,Y,467.04,00000047,Plantation & Plantation Products,00000106,Miscellaneous,Company,HARRMALAYA,Active,Active,HARRMALAYA,Y,Nutral,C,Mar2017,00000047,00000106,0.0,366.64,10.04,379.0,0.0,0.0,4.77,13.87,144.96,356.03,5.01,4.09,0.0,0.0,0.0,4.7,-0.6100000000000003,-3.6,13.54,0.0,14.03,0.0,0.0,0.0,0.0,6.27,0.0,327.24,2.32,0.0,0.0,4.09,0.0,0.0,55.46,55.46,360.37,0.0,0.0,9.1,0.0,0.0,0.0,0.0,0.0,4.09,0.0,2.22,2.22,2.22,2.22,366.64,0.0,2.32,118.86,20.27,43.15,24.04,0.0,22.97,0.0,0.0,0.0,0.0,0.0,0.0,0.0,0.0,0.0,0.0,0.0,0.0,0.0,0.0,0.0,0.0,0.0,0.0,0.0,0.0
233,2016-03,2016,Mar2016,Harri. Malayalam,Harrisons Malayalam Ltd,500467,INE544A01019,T,Small Cap,Y,Y,467.04,00000047,Plantation & Plantation Products,00000106,Miscellaneous,Company,HARRMALAYA,Active,Active,HARRMALAYA,Y,Nutral,S,Mar2016,00000047,00000106,0.0,284.86,6.89,291.88,0.0,0.0,10.92,14.2,140.12,317.85,5.51,-45.68,0.0,0.0,0.0,3.32,-49.0,0.0,58.76,0.0,13.08,0.0,0.0,0.0,0.0,7.2,0.0,287.43,0.13,0.0,0.0,-45.68,0.0,0.0,54.95,54.95,277.65,0.0,0.0,-40.17,0.0,0.0,0.0,0.0,0.0,0.0,0.0,0.0,0.0,0.0,0.0,284.86,0.0,0.13,78.74,19.86,48.71,19.51,0.0,-25.970000000000002,0.0,0.0,0.0,0.0,0.0,0.0,0.0,0.0,0.0,0.0,0.0,0.0,0.0,0.0,0.0,0.0,0.0,0.0,0.0,0.0
233,2016-03,2016,Mar2016,Harri. Malayalam,Harrisons Malayalam Ltd,500467,INE544A01019,T,Small Cap,Y,Y,467.04,00000047,Plantation & Plantation Products,00000106,Miscellaneous,Company,HARRMALAYA,Active,Active,HARRMALAYA,Y,Nutral,C,Mar2016,00000047,00000106,0.0,284.86,6.89,291.88,0.0,0.0,11.41,14.2,140.12,317.83,5.51,-45.66,0.0,0.0,0.0,3.28,-48.95,0.0,58.75,0.0,13.08,0.0,0.0,0.0,0.0,7.2,0.0,287.43,0.13,0.0,0.0,-45.67,0.0,0.0,54.95,54.95,277.65,0.0,0.0,-40.15,0.0,0.0,0.0,0.0,0.0,-45.67,0.0,0.0,0.0,0.0,0.0,284.86,0.0,0.13,78.74,19.86,48.71,19.0,0.0,-25.95,0.0,0.0,0.0,0.0,0.0,0.0,0.0,0.0,0.0,0.0,0.0,0.0,0.0,0.0,0.0,0.0,0.0,0.0,0.0,0.0
233,2015-03,2015,Mar2015,Harri. Malayalam,Harrisons Malayalam Ltd,500467,INE544A01019,T,Small Cap,Y,Y,467.04,00000047,Plantation & Plantation Products,00000106,Miscellaneous,Company,HARRMALAYA,Active,Active,HARRMALAYA,Y,Nutral,S,Mar2015,00000047,00000106,0.0,326.64,3.4,329.39,0.0,0.0,6.77,14.3,132.33,343.15,7.21,-35.25,0.0,0.0,0.0,0.14,-35.4,0.0,94.02,0.0,58.76,0.0,0.0,0.0,0.0,9.22,0.0,314.01,-0.65,0.0,0.0,-35.26,0.0,0.0,79.7,79.7,317.42,0.0,0.0,-28.04,0.0,0.0,0.0,0.0,0.0,0.0,0.0,0.0,0.0,0.0,0.0,326.64,0.0,-0.65,94.31,21.31,66.06,22.37,0.0,-13.739999999999998,0.0,0.0,0.0,0.0,0.0,0.0,0.0,0.0,0.0,0.0,0.0,0.0,0.0,0.0,0.0,0.0,0.0,0.0,0.0,0.0
233,2015-03,2015,Mar2015,Harri. Malayalam,Harrisons Malayalam Ltd,500467,INE544A01019,T,Small Cap,Y,Y,467.04,00000047,Plantation & Plantation Products,00000106,Miscellaneous,Company,HARRMALAYA,Active,Active,HARRMALAYA,Y,Nutral,C,Mar2015,00000047,00000106,0.0,326.64,3.4,329.39,0.0,0.0,7.23,14.3,132.33,343.15,7.21,-35.25,0.0,0.0,0.0,0.14,-35.4,0.0,94.01,0.0,58.75,0.0,0.0,0.0,0.0,9.22,0.0,314.01,-0.65,0.0,0.0,-35.26,0.0,0.0,79.7,79.7,317.42,0.0,0.0,-28.04,0.0,0.0,0.0,0.0,0.0,-35.26,0.0,0.0,0.0,0.0,0.0,326.64,0.0,-0.65,94.31,21.31,66.06,21.91,0.0,-13.739999999999998,0.0,0.0,0.0,0.0,0.0,0.0,0.0,0.0,0.0,0.0,0.0,0.0,0.0,0.0,0.0,0.0,0.0,0.0,0.0,0.0
233,2014-03,2014,Mar2014,Harri. Malayalam,Harrisons Malayalam Ltd,500467,INE544A01019,T,Small Cap,Y,Y,467.04,00000047,Plantation & Plantation Products,00000106,Miscellaneous,Company,HARRMALAYA,Active,Active,HARRMALAYA,Y,Nutral,S,Mar2014,00000047,00000106,0.0,364.19,4.8,372.77,0.0,0.0,-3.37,15.11,122.88,346.24,6.31,5.12,0.7,0.0,0.0,0.0,4.42,0.0,91.76,2.16,94.02,1.85,0.0,10.0,1.0,18.99,0.0,331.21,3.78,0.0,0.0,4.42,2.22,2.22,98.81,98.81,345.2,0.0,0.0,11.43,0.0,0.0,0.0,0.0,0.0,0.0,0.0,0.0,0.0,0.0,0.0,364.19,0.0,3.78,107.44,20.43,80.46,18.41,0.0,26.54,0.0,0.0,0.0,0.0,0.0,0.0,0.0,0.0,0.0,0.0,0.0,0.0,0.0,0.0,0.0,0.0,0.0,0.0,0.0,0.0
233,2014-03,2014,Mar2014,Harri. Malayalam,Harrisons Malayalam Ltd,500467,INE544A01019,T,Small Cap,Y,Y,467.04,00000047,Plantation & Plantation Products,00000106,Miscellaneous,Company,HARRMALAYA,Active,Active,HARRMALAYA,Y,Nutral,C,Mar2014,00000047,00000106,0.0,384.08,4.92,392.78,0.0,0.0,15.97,15.11,123.9,366.1,6.47,5.11,0.7,0.0,0.0,0.32,4.09,0.0,91.75,2.16,94.01,1.85,0.0,0.0,1.0,38.879999999999995,0.0,332.23,3.78,0.0,0.0,4.41,0.0,0.0,98.8,98.8,345.2,0.0,0.0,11.58,0.0,0.0,0.0,0.0,0.0,4.41,10.0,2.22,2.22,2.22,2.22,384.08,0.0,3.78,107.44,20.43,80.46,17.91,0.0,26.689999999999998,0.0,0.0,0.0,0.0,0.0,0.0,0.0,0.0,0.0,0.0,0.0,0.0,0.0,0.0,0.0,0.0,0.0,0.0,0.0,0.0
233,2013-03,2013,Mar2013,Harri. Malayalam,Harrisons Malayalam Ltd,500467,INE544A01019,T,Small Cap,Y,Y,467.04,00000047,Plantation & Plantation Products,00000106,Miscellaneous,Company,HARRMALAYA,Active,Active,HARRMALAYA,Y,Nutral,S,Mar2013,00000047,00000089,0.0,332.12,2.46,335.53,0.0,0.0,15.78,14.59,115.22,310.95,6.51,3.4800000000000004,1.18,0.0,0.0,-0.25,2.55,0.0,91.09,1.62,91.76,1.38,0.0,7.5,0.75,13.99,0.0,278.64,0.95,0.0,0.0,2.3,1.12,1.12,97.59,97.59,318.14,0.0,0.0,9.99,0.0,0.0,0.0,0.0,0.0,0.0,0.0,0.0,0.0,0.0,0.0,332.12,0.0,0.95,89.08,19.62,54.72,16.53,0.0,24.58,0.0,0.0,0.0,0.0,0.0,0.0,0.0,0.0,0.0,0.0,0.0,0.0,0.0,0.0,0.0,0.0,0.0,0.0,0.0,0.0
233,2013-03,2013,Mar2013,Harri. Malayalam,Harrisons Malayalam Ltd,500467,INE544A01019,T,Small Cap,Y,Y,467.04,00000047,Plantation & Plantation Products,00000106,Miscellaneous,Company,HARRMALAYA,Active,Active,HARRMALAYA,Y,Nutral,C,Mar2013,00000047,00000089,0.0,347.44,2.49,350.88,0.0,0.0,30.37,14.59,116.21,326.05,6.76,3.4800000000000004,1.18,0.0,0.0,0.05,2.24,0.0,91.08,1.62,91.75,1.38,0.0,0.0,0.75,29.3,0.0,279.63,0.95,0.0,0.0,2.29,0.0,0.0,97.58,97.58,318.14,0.0,0.0,10.24,0.0,0.0,0.0,0.0,0.0,2.29,7.5,1.12,1.12,1.12,1.12,347.44,0.0,0.95,89.08,19.62,54.72,16.04,0.0,24.83,0.0,0.0,0.0,0.0,0.0,0.0,0.0,0.0,0.0,0.0,0.0,0.0,0.0,0.0,0.0,0.0,0.0,0.0,0.0,0.0
233,2012-03,2012,Mar2012,Harri. Malayalam,Harrisons Malayalam Ltd,500467,INE544A01019,T,Small Cap,Y,Y,467.04,00000047,Plantation & Plantation Products,00000106,Miscellaneous,Company,HARRMALAYA,Active,Active,HARRMALAYA,Y,Nutral,S,Mar2012,00000047,00000089,0.0,342.66,4.08,340.77,0.0,0.0,-8.39,16.88,110.08,307.34000000000003,6.23,10.32,5.61,0.0,0.0,-0.02,4.7299999999999995,0.0,89.83,3.45,91.09,2.77,0.0,1.5,1.5,38.99,0.0,298.05,-5.97,0.05,0.0,4.71,2.31,2.31,97.24,97.24,303.67,0.0,0.0,16.55,0.0,0.0,0.0,0.0,0.0,0.0,0.0,0.0,0.0,0.0,0.0,342.66,0.0,-5.97,93.84,16.6,77.53,17.68,0.0,33.43,0.0,0.0,0.0,0.0,0.0,0.0,0.0,0.0,0.0,0.0,0.0,0.0,0.0,0.0,0.0,0.0,0.0,0.0,0.0,0.0
233,2012-03,2012,Mar2012,Harri. Malayalam,Harrisons Malayalam Ltd,500467,INE544A01019,T,Small Cap,Y,Y,467.04,00000047,Plantation & Plantation Products,00000106,Miscellaneous,Company,HARRMALAYA,Active,Active,HARRMALAYA,Y,Nutral,C,Mar2012,00000047,00000089,0.0,364.99,3.93,362.95,0.0,0.0,12.49,16.89,111.41,329.12,6.49,10.450000000000001,5.74,0.0,0.0,-0.02,4.7299999999999995,0.0,89.83,3.46,91.08,2.77,0.0,0.0,1.5,61.32,0.0,299.38,-5.97,0.05,0.0,4.71,0.0,0.0,97.24,97.24,303.67,0.0,0.0,16.94,0.0,0.0,0.0,0.0,0.0,4.71,15.0,2.31,2.31,2.31,2.31,364.99,0.0,-5.97,93.84,16.6,77.53,17.25,0.0,33.83,0.0,0.0,0.0,0.0,0.0,0.0,0.0,0.0,0.0,0.0,0.0,0.0,0.0,0.0,0.0,0.0,0.0,0.0,0.0,0.0
233,2011-03,2011,Mar2011,Harri. Malayalam,Harrisons Malayalam Ltd,500467,INE544A01019,T,Small Cap,Y,Y,467.04,00000047,Plantation & Plantation Products,00000106,Miscellaneous,Company,HARRMALAYA,Active,Active,HARRMALAYA,Y,Nutral,S,Mar2011,00000047,00000089,0.0,370.97,4.92,369.12000000000006,0.0,0.0,13.43,15.73,96.3,342.02,6.12,5.249999999999999,1.3,0.0,0.0,0.16,3.79,0.0,89.3,3.42,89.83,2.77,0.0,15.0,1.5,13.23,0.0,311.01,-6.77,0.44,0.0,3.95,1.89,1.89,96.43,96.43,357.74,0.0,0.0,11.37,0.0,0.0,0.0,0.0,0.0,0.0,0.0,0.0,0.0,0.0,0.0,370.97,0.0,-6.77,115.95,14.91,83.85,17.58,0.0,27.1,0.0,0.0,0.0,0.0,0.0,0.0,0.0,0.0,0.0,0.0,0.0,0.0,0.0,0.0,0.0,0.0,0.0,0.0,0.0,0.0
233,2009-03,2009,Mar2009,Harri. Malayalam,Harrisons Malayalam Ltd,500467,INE544A01019,T,Small Cap,Y,Y,467.04,00000047,Plantation & Plantation Products,00000106,Miscellaneous,Company,HARRMALAYA,Active,Active,HARRMALAYA,Y,Nutral,C,Mar2009,00000047,00000089,0.0,287.26,8.69,296.08,0.0,0.0,17.66,12.56,89.33,271.72,3.42,8.38,1.4,0.0,0.0,-3.22,9.61,0.0,48.42,3.54,51.27,2.77,0.0,0.0,1.5,5.24,0.0,233.87,0.13,0.83,0.0,6.39,0.0,0.0,73.72,73.72,282.02,0.0,0.0,11.8,0.0,0.0,0.59,0.0,0.0,6.39,15.0,3.21,3.21,3.21,3.21,287.26,0.0,0.13,92.62,14.12,37.8,20.19,0.0,24.36,0.0,0.0,0.0,0.0,0.0,0.0,0.0,0.0,0.0,0.0,0.0,0.0,0.0,0.0,0.0,0.0,0.0,0.0,0.0,0.0
284,2024-06,2024,Jun2024,Linde India,Linde India Ltd,523457,INE473A01011,A,Mid Cap,Y,Y,69417.92,00000014,Chemicals,00000022,Chemicals,Company,LINDEINDIA,Active,Active,LINDEINDIA,Y,Consistently profitable Company,0,Jun2024,0,0,0.0,0.0,0.0,0.0,0.0,0.0,0.0,0.0,0.0,0.0,0.0,0.0,0.0,0.0,0.0,0.0,0.0,0.0,0.0,0.0,0.0,0.0,0.0,0.0,0.0,0.0,0.0,0.0,0.0,0.0,0.0,0.0,0.0,0.0,0.0,0.0,0.0,0.0,0.0,0.0,0.0,0.0,0.0,0.0,0.0,0.0,0.0,0.0,0.0,0.0,0.0,0.0,0.0,0.0,0.0,0.0,0.0,0.0,0.0,0.0,63963167.0,75.0,29.0,0.0,0.0,0.0,14441.0,0.0169,2583097.0,3.0288,2575108.0,0.0204,389532.0,0.4567,5408676.0,6.3419,10350202.0,15.1351,82709115.0,75.4736
284,2024-03,2024,Mar2024,Linde India,Linde India Ltd,523457,INE473A01011,A,Mid Cap,Y,Y,69417.92,00000014,Chemicals,00000022,Chemicals,Company,LINDEINDIA,Active,Active,LINDEINDIA,Y,Consistently profitable Company,S,Mar2024,00000014,00000022,0.0,2768.67,77.01,2849.5600000000004,0.0,0.0,202.67,7.27,53.81,2070.22,200.94,571.1300000000001,165.94,0.0,-21.15,4.55,421.78999999999996,-3.46,2229.92,102.34,2550.45,0.0,0.0,120.0,12.0,1023.28,0.0,1538.8600000000001,3.88,0.0,0.0,426.34,49.99,49.99,402.72,402.72,1745.39,0.0,0.0,772.07,0.0,0.0,0.0,0.0,0.0,0.0,0.0,0.0,0.0,0.0,0.0,2768.67,0.0,3.88,974.65,468.48,41.92,328.7,0.0,779.34,63963167.0,75.0,29.0,0.0,0.0,0.0,14750.0,0.0173,1975070.0,2.3159,2648077.0,0.032,394217.0,0.4622,5916228.0,6.9371,10372714.0,15.2355,82636146.0,75.4795
284,2024-03,2024,Mar2024,Linde India,Linde India Ltd,523457,INE473A01011,A,Mid Cap,Y,Y,69417.92,00000014,Chemicals,00000022,Chemicals,Company,LINDEINDIA,Active,Active,LINDEINDIA,Y,Consistently profitable Company,C,Mar2024,00000014,00000022,0.0,2768.67,84.76,2857.3100000000004,0.0,0.0,45.48,7.27,53.81,2070.22,200.94,578.8800000000001,165.94,0.0,-21.15,4.57,429.52,-3.46,2256.07,102.34,2584.35,0.0,0.0,0.0,12.0,1023.28,0.0,1538.8600000000001,3.88,0.0,0.0,434.09,0.0,0.0,406.69,406.69,1745.39,0.0,0.0,779.82,0.0,0.0,0.0,0.0,0.0,434.09,120.0,50.9,50.9,50.9,50.9,2768.67,0.0,3.88,974.65,468.48,41.92,485.88,0.0,787.09,63963167.0,75.0,29.0,0.0,0.0,0.0,14750.0,0.0173,1975070.0,2.3159,2648077.0,0.032,394217.0,0.4622,5916228.0,6.9371,10372714.0,15.2355,82636146.0,75.4795
284,2023-12,2023,Dec2023,Linde India,Linde India Ltd,523457,INE473A01011,A,Mid Cap,Y,Y,69417.92,00000014,Chemicals,00000022,Chemicals,Company,LINDEINDIA,Active,Active,LINDEINDIA,Y,Consistently profitable Company,0,Dec2023,0,0,0.0,0.0,0.0,0.0,0.0,0.0,0.0,0.0,0.0,0.0,0.0,0.0,0.0,0.0,0.0,0.0,0.0,0.0,0.0,0.0,0.0,0.0,0.0,0.0,0.0,0.0,0.0,0.0,0.0,0.0,0.0,0.0,0.0,0.0,0.0,0.0,0.0,0.0,0.0,0.0,0.0,0.0,0.0,0.0,0.0,0.0,0.0,0.0,0.0,0.0,0.0,0.0,0.0,0.0,0.0,0.0,0.0,0.0,0.0,0.0,63963167.0,75.0,29.0,0.0,0.0,0.0,14750.0,0.0173,1914580.0,2.2449,2600968.0,0.0259,397982.0,0.4667,5725443.0,6.7134,10667333.0,15.5317,82683255.0,75.48400000000001
284,2023-09,2023,Sep2023,Linde India,Linde India Ltd,523457,INE473A01011,A,Mid Cap,Y,Y,69417.92,00000014,Chemicals,00000022,Chemicals,Company,LINDEINDIA,Active,Active,LINDEINDIA,Y,Consistently profitable Company,0,Sep2023,0,0,0.0,0.0,0.0,0.0,0.0,0.0,0.0,0.0,0.0,0.0,0.0,0.0,0.0,0.0,0.0,0.0,0.0,0.0,0.0,0.0,0.0,0.0,0.0,0.0,0.0,0.0,0.0,0.0,0.0,0.0,0.0,0.0,0.0,0.0,0.0,0.0,0.0,0.0,0.0,0.0,0.0,0.0,0.0,0.0,0.0,0.0,0.0,0.0,0.0,0.0,0.0,0.0,0.0,0.0,0.0,0.0,0.0,0.0,0.0,0.0,63963167.0,75.0,29.0,0.0,0.0,0.0,14750.0,0.0173,2463182.0,2.8882,2514972.0,0.0257,376876.0,0.4419,5933873.0,6.9578,10017403.0,14.6691,82769251.0,75.45920000000001
284,2023-06,2023,Jun2023,Linde India,Linde India Ltd,523457,INE473A01011,A,Mid Cap,Y,Y,69417.92,00000014,Chemicals,00000022,Chemicals,Company,LINDEINDIA,Active,Active,LINDEINDIA,Y,Consistently profitable Company,0,Jun2023,0,0,0.0,0.0,0.0,0.0,0.0,0.0,0.0,0.0,0.0,0.0,0.0,0.0,0.0,0.0,0.0,0.0,0.0,0.0,0.0,0.0,0.0,0.0,0.0,0.0,0.0,0.0,0.0,0.0,0.0,0.0,0.0,0.0,0.0,0.0,0.0,0.0,0.0,0.0,0.0,0.0,0.0,0.0,0.0,0.0,0.0,0.0,0.0,0.0,0.0,0.0,0.0,0.0,0.0,0.0,0.0,0.0,0.0,0.0,0.0,0.0,63963167.0,75.0,29.0,0.0,0.0,0.0,14750.0,0.0173,2425751.0,2.8443,2427049.0,0.025,378778.0,0.4441,6212462.0,7.2844,9862266.0,14.3848,82857174.0,75.46140000000001
284,2023-03,2023,Mar2023,Linde India,Linde India Ltd,523457,INE473A01011,A,Mid Cap,Y,Y,69417.92,00000014,Chemicals,00000022,Chemicals,Company,LINDEINDIA,Active,Active,LINDEINDIA,Y,Consistently profitable Company,S,Mar2023,00000014,00000022,0.0,3135.52,108.74,3250.9599999999996,0.0,0.0,210.05,6.29,63.87,2377.38,252.87,614.42,180.62,0.0,-101.97,8.03,527.74,0.65,1808.63,115.13,2229.92,0.0,0.0,120.0,12.0,1241.76,0.0,1895.9999999999995,6.7,0.0,0.0,535.77,50.26,50.26,365.13,365.13,1893.76,0.0,0.0,867.29,0.0,0.0,0.0,0.0,0.0,0.0,0.0,0.0,0.0,0.0,0.0,3135.52,0.0,6.7,1265.34,513.92,52.87,271.33,0.0,873.5799999999999,63963167.0,75.0,29.0,0.0,0.0,0.0,14750.0,0.0173,2365406.0,2.7736,2409784.0,0.0257,405556.0,0.4755,6383554.0,7.485,9742006.0,14.2228,82874439.0,75.4928
284,2023-03,2023,Mar2023,Linde India,Linde India Ltd,523457,INE473A01011,A,Mid Cap,Y,Y,69417.92,00000014,Chemicals,00000022,Chemicals,Company,LINDEINDIA,Active,Active,LINDEINDIA,Y,Consistently profitable Company,C,Mar2023,00000014,00000022,0.0,3135.52,112.6,3254.8199999999997,0.0,0.0,49.3,6.29,63.87,2377.38,252.87,618.28,180.62,0.0,-100.39,8.05,530.01,0.65,1832.49,115.13,2256.07,0.0,0.0,0.0,12.0,1241.76,0.0,1895.9999999999995,6.7,0.0,0.0,538.06,0.0,0.0,368.19,368.19,1893.76,0.0,0.0,871.15,0.0,0.0,0.0,0.0,0.0,538.06,120.0,50.47,50.47,50.47,50.47,3135.52,0.0,6.7,1265.34,513.92,52.87,432.09,0.0,877.4399999999999,63963167.0,75.0,29.0,0.0,0.0,0.0,14750.0,0.0173,2365406.0,2.7736,2409784.0,0.0257,405556.0,0.4755,6383554.0,7.485,9742006.0,14.2228,82874439.0,75.4928
284,2022-12,2022,Dec2022,Linde India,Linde India Ltd,523457,INE473A01011,A,Mid Cap,Y,Y,69417.92,00000014,Chemicals,00000022,Chemicals,Company,LINDEINDIA,Active,Active,LINDEINDIA,Y,Consistently profitable Company,0,Dec2022,0,0,0.0,0.0,0.0,0.0,0.0,0.0,0.0,0.0,0.0,0.0,0.0,0.0,0.0,0.0,0.0,0.0,0.0,0.0,0.0,0.0,0.0,0.0,0.0,0.0,0.0,0.0,0.0,0.0,0.0,0.0,0.0,0.0,0.0,0.0,0.0,0.0,0.0,0.0,0.0,0.0,0.0,0.0,0.0,0.0,0.0,0.0,0.0,0.0,0.0,0.0,0.0,0.0,0.0,0.0,0.0,0.0,0.0,0.0,0.0,0.0,63963167.0,75.0,29.0,0.0,0.0,0.0,14750.0,0.0173,2386888.0,2.7987,2438853.0,0.0247,417129.0,0.4891,6200586.0,7.2705,9862850.0,14.3995,82845370.0,75.5064
284,2022-09,2022,Sep2022,Linde India,Linde India Ltd,523457,INE473A01011,A,Mid Cap,Y,Y,69417.92,00000014,Chemicals,00000022,Chemicals,Company,LINDEINDIA,Active,Active,LINDEINDIA,Y,Consistently profitable Company,0,Sep2022,0,0,0.0,0.0,0.0,0.0,0.0,0.0,0.0,0.0,0.0,0.0,0.0,0.0,0.0,0.0,0.0,0.0,0.0,0.0,0.0,0.0,0.0,0.0,0.0,0.0,0.0,0.0,0.0,0.0,0.0,0.0,0.0,0.0,0.0,0.0,0.0,0.0,0.0,0.0,0.0,0.0,0.0,0.0,0.0,0.0,0.0,0.0,0.0,0.0,0.0,0.0,0.0,0.0,0.0,0.0,0.0,0.0,0.0,0.0,0.0,0.0,63963167.0,75.0,29.0,0.0,0.0,0.0,14750.0,0.0173,2364783.0,2.7728,2456067.0,0.0224,411395.0,0.4824,6184775.0,7.252,9889286.0,14.4531,82828156.0,75.4997
284,2022-06,2022,Jun2022,Linde India,Linde India Ltd,523457,INE473A01011,A,Mid Cap,Y,Y,69417.92,00000014,Chemicals,00000022,Chemicals,Company,LINDEINDIA,Active,Active,LINDEINDIA,Y,Consistently profitable Company,0,Jun2022,0,0,0.0,0.0,0.0,0.0,0.0,0.0,0.0,0.0,0.0,0.0,0.0,0.0,0.0,0.0,0.0,0.0,0.0,0.0,0.0,0.0,0.0,0.0,0.0,0.0,0.0,0.0,0.0,0.0,0.0,0.0,0.0,0.0,0.0,0.0,0.0,0.0,0.0,0.0,0.0,0.0,0.0,0.0,0.0,0.0,0.0,0.0,0.0,0.0,0.0,0.0,0.0,0.0,0.0,0.0,0.0,0.0,0.0,0.0,0.0,0.0,63963167.0,75.0,29.0,0.0,0.0,0.0,14763.0,0.0173,2261288.0,2.6515,2421204.0,0.0162,411395.0,0.4824,6358938.0,7.4562,9853468.0,14.3764,82863019.0,75.4997
284,2022-03,2022,Mar2022,Linde India,Linde India Ltd,523457,INE473A01011,A,Mid Cap,Y,Y,69417.92,00000014,Chemicals,00000022,Chemicals,Company,LINDEINDIA,Active,Active,LINDEINDIA,Y,Consistently profitable Company,0,Mar2022,0,0,0.0,0.0,0.0,0.0,0.0,0.0,0.0,0.0,0.0,0.0,0.0,0.0,0.0,0.0,0.0,0.0,0.0,0.0,0.0,0.0,0.0,0.0,0.0,0.0,0.0,0.0,0.0,0.0,0.0,0.0,0.0,0.0,0.0,0.0,0.0,0.0,0.0,0.0,0.0,0.0,0.0,0.0,0.0,0.0,0.0,0.0,0.0,0.0,0.0,0.0,0.0,0.0,0.0,0.0,0.0,0.0,0.0,0.0,0.0,0.0,63963167.0,75.0,29.0,0.0,0.0,0.0,14763.0,0.0173,2207232.0,2.5881,2371455.0,0.0159,413081.0,0.4844,6651293.0,7.799,9663232.0,14.0953,82912768.0,75.5017
284,2021-12,2021,Dec2021,Linde India,Linde India Ltd,523457,INE473A01011,A,Mid Cap,Y,Y,69417.92,00000014,Chemicals,00000022,Chemicals,Company,LINDEINDIA,Active,Active,LINDEINDIA,Y,Consistently profitable Company,S,Dec2021,00000014,00000022,0.0,2111.96,349.09,2458.4100000000003,0.0,0.0,158.81,3.05,50.25,1562.73,181.37,711.25,133.08,0.0,64.24,212.01,301.93000000000006,-1.32,1321.59,25.59,1808.63,0.0,0.0,135.0,13.5,704.3499999999999,0.0,1173.65,-2.64,0.0,0.0,513.94,60.26,60.26,315.54,315.54,1407.61,0.0,0.0,892.62,0.0,0.0,0.0,0.0,0.0,0.0,0.0,0.0,0.0,0.0,0.0,2111.96,0.0,-2.64,684.36,402.85,36.19,230.27,0.0,895.67,63963167.0,75.0,29.0,0.0,0.0,0.0,14763.0,0.0173,2181970.0,2.5585,2443556.0,0.0185,411977.0,0.4831,6614664.0,7.756,9654126.0,14.1666,82840667.0,75.5004
284,2021-12,2021,Dec2021,Linde India,Linde India Ltd,523457,INE473A01011,A,Mid Cap,Y,Y,69417.92,00000014,Chemicals,00000022,Chemicals,Company,LINDEINDIA,Active,Active,LINDEINDIA,Y,Consistently profitable Company,C,Dec2021,00000014,00000022,0.0,2111.96,354.71,2464.03,0.0,0.0,46.9,3.05,50.25,1581.7,181.37,697.9,133.08,0.0,57.61,199.45,307.77000000000004,-1.32,1352.18,25.59,1832.49,0.0,0.0,0.0,13.5,704.3499999999999,0.0,1173.65,-2.64,0.0,0.0,507.22,0.0,0.0,318.33,318.33,1407.61,0.0,0.0,879.27,0.0,0.0,0.0,0.0,0.0,507.22,135.0,59.47,59.47,59.47,59.47,2111.96,0.0,-2.64,684.36,402.85,36.19,361.16,0.0,882.3199999999999,63963167.0,75.0,29.0,0.0,0.0,0.0,14763.0,0.0173,2181970.0,2.5585,2443556.0,0.0185,411977.0,0.4831,6614664.0,7.756,9654126.0,14.1666,82840667.0,75.5004
284,2021-09,2021,Sep2021,Linde India,Linde India Ltd,523457,INE473A01011,A,Mid Cap,Y,Y,69417.92,00000014,Chemicals,00000022,Chemicals,Company,LINDEINDIA,Active,Active,LINDEINDIA,Y,Consistently profitable Company,0,Sep2021,0,0,0.0,0.0,0.0,0.0,0.0,0.0,0.0,0.0,0.0,0.0,0.0,0.0,0.0,0.0,0.0,0.0,0.0,0.0,0.0,0.0,0.0,0.0,0.0,0.0,0.0,0.0,0.0,0.0,0.0,0.0,0.0,0.0,0.0,0.0,0.0,0.0,0.0,0.0,0.0,0.0,0.0,0.0,0.0,0.0,0.0,0.0,0.0,0.0,0.0,0.0,0.0,0.0,0.0,0.0,0.0,0.0,0.0,0.0,0.0,0.0,63963167.0,75.0,29.0,0.0,0.0,0.0,14763.0,0.0173,2026868.0,2.3766,2498550.0,0.0215,431395.0,0.5058,6966977.0,8.1691,9382503.0,13.9096,82785673.0,75.5231
284,2021-06,2021,Jun2021,Linde India,Linde India Ltd,523457,INE473A01011,A,Mid Cap,Y,Y,69417.92,00000014,Chemicals,00000022,Chemicals,Company,LINDEINDIA,Active,Active,LINDEINDIA,Y,Consistently profitable Company,0,Jun2021,0,0,0.0,0.0,0.0,0.0,0.0,0.0,0.0,0.0,0.0,0.0,0.0,0.0,0.0,0.0,0.0,0.0,0.0,0.0,0.0,0.0,0.0,0.0,0.0,0.0,0.0,0.0,0.0,0.0,0.0,0.0,0.0,0.0,0.0,0.0,0.0,0.0,0.0,0.0,0.0,0.0,0.0,0.0,0.0,0.0,0.0,0.0,0.0,0.0,0.0,0.0,0.0,0.0,0.0,0.0,0.0,0.0,0.0,0.0,0.0,0.0,63963167.0,75.0,29.0,0.0,0.0,0.0,14794.0,0.0173,1324296.0,1.5528,1942729.0,0.0185,459885.0,0.5392,8437356.0,9.8932,9141996.0,12.9788,83341494.0,75.5565
284,2021-03,2021,Mar2021,Linde India,Linde India Ltd,523457,INE473A01011,A,Mid Cap,Y,Y,69417.92,00000014,Chemicals,00000022,Chemicals,Company,LINDEINDIA,Active,Active,LINDEINDIA,Y,Consistently profitable Company,0,Mar2021,0,0,0.0,0.0,0.0,0.0,0.0,0.0,0.0,0.0,0.0,0.0,0.0,0.0,0.0,0.0,0.0,0.0,0.0,0.0,0.0,0.0,0.0,0.0,0.0,0.0,0.0,0.0,0.0,0.0,0.0,0.0,0.0,0.0,0.0,0.0,0.0,0.0,0.0,0.0,0.0,0.0,0.0,0.0,0.0,0.0,0.0,0.0,0.0,0.0,0.0,0.0,0.0,0.0,0.0,0.0,0.0,0.0,0.0,0.0,0.0,0.0,63963167.0,75.0,29.0,0.0,0.0,0.0,14867.0,0.0174,1378744.0,1.6166,1785954.0,0.0085,460837.0,0.5404,9255942.0,10.8531,8424712.0,11.964,83498269.0,75.5578
284,2020-12,2020,Dec2020,Linde India,Linde India Ltd,523457,INE473A01011,A,Mid Cap,Y,Y,69417.92,00000014,Chemicals,00000022,Chemicals,Company,LINDEINDIA,Active,Active,LINDEINDIA,Y,Consistently profitable Company,S,Dec2020,00000014,00000022,0.0,1471.12,43.79,1518.9099999999999,0.0,0.0,101.52,6.24,68.78,1100.27,176.0,236.39,39.77,0.0,41.08,7.34,148.2,-1.71,1254.72,86.96,1321.59,0.0,0.0,30.0,3.0,276.15,0.0,795.37,4.0,0.0,0.0,155.54,18.24,18.24,258.4,258.4,1194.98,0.0,0.0,412.39,0.0,0.0,0.0,0.0,0.0,0.0,0.0,0.0,0.0,0.0,0.0,1471.12,0.0,4.0,349.86,347.02,29.71,203.39,0.0,418.63,63963167.0,75.0,29.0,0.0,0.0,0.0,14867.0,0.0174,1751736.0,2.054,2217748.0,0.5891,474103.0,0.5559,9154454.0,10.7341,7708148.0,11.0495,83066475.0,75.57329999999999
284,2020-12,2020,Dec2020,Linde India,Linde India Ltd,523457,INE473A01011,A,Mid Cap,Y,Y,69417.92,00000014,Chemicals,00000022,Chemicals,Company,LINDEINDIA,Active,Active,LINDEINDIA,Y,Consistently profitable Company,C,Dec2020,00000014,00000022,0.0,1471.12,36.05,1511.1699999999998,0.0,0.0,49.64,6.24,68.78,1100.27,176.0,228.66000000000003,39.77,0.0,37.79,1.14,149.96,-1.75,1289.79,86.96,1352.18,0.0,0.0,0.0,3.0,276.15,0.0,795.37,4.0,0.0,0.0,151.1,0.0,0.0,261.98,261.98,1194.98,0.0,0.0,404.66,0.0,0.0,0.0,0.0,0.0,151.1,30.0,17.72,17.72,17.72,17.72,1471.12,0.0,4.0,349.86,347.02,29.71,255.27,0.0,410.90000000000003,63963167.0,75.0,29.0,0.0,0.0,0.0,14867.0,0.0174,1751736.0,2.054,2217748.0,0.5891,474103.0,0.5559,9154454.0,10.7341,7708148.0,11.0495,83066475.0,75.57329999999999
284,2020-09,2020,Sep2020,Linde India,Linde India Ltd,523457,INE473A01011,A,Mid Cap,Y,Y,69417.92,00000014,Chemicals,00000022,Chemicals,Company,LINDEINDIA,Active,Active,LINDEINDIA,Y,Consistently profitable Company,0,Sep2020,0,0,0.0,0.0,0.0,0.0,0.0,0.0,0.0,0.0,0.0,0.0,0.0,0.0,0.0,0.0,0.0,0.0,0.0,0.0,0.0,0.0,0.0,0.0,0.0,0.0,0.0,0.0,0.0,0.0,0.0,0.0,0.0,0.0,0.0,0.0,0.0,0.0,0.0,0.0,0.0,0.0,0.0,0.0,0.0,0.0,0.0,0.0,0.0,0.0,0.0,0.0,0.0,0.0,0.0,0.0,0.0,0.0,0.0,0.0,0.0,0.0,63963167.0,75.0,29.0,0.0,0.0,0.0,14867.0,0.0174,1695195.0,1.9877,2622129.0,0.745,490365.0,0.575,9152612.0,10.7319,7345888.0,10.943,82662094.0,75.5924
284,2020-06,2020,Jun2020,Linde India,Linde India Ltd,523457,INE473A01011,A,Mid Cap,Y,Y,69417.92,00000014,Chemicals,00000022,Chemicals,Company,LINDEINDIA,Active,Active,LINDEINDIA,Y,Consistently profitable Company,0,Jun2020,0,0,0.0,0.0,0.0,0.0,0.0,0.0,0.0,0.0,0.0,0.0,0.0,0.0,0.0,0.0,0.0,0.0,0.0,0.0,0.0,0.0,0.0,0.0,0.0,0.0,0.0,0.0,0.0,0.0,0.0,0.0,0.0,0.0,0.0,0.0,0.0,0.0,0.0,0.0,0.0,0.0,0.0,0.0,0.0,0.0,0.0,0.0,0.0,0.0,0.0,0.0,0.0,0.0,0.0,0.0,0.0,0.0,0.0,0.0,0.0,0.0,63963167.0,75.0,29.0,0.0,0.0,0.0,14867.0,0.0174,1564543.0,1.8345,2632776.0,0.7333,1255287.0,1.4719,9077054.0,10.6433,6776529.0,10.2996,82651447.0,76.4893
284,2020-03,2020,Mar2020,Linde India,Linde India Ltd,523457,INE473A01011,A,Mid Cap,Y,Y,69417.92,00000014,Chemicals,00000022,Chemicals,Company,LINDEINDIA,Active,Active,LINDEINDIA,Y,Consistently profitable Company,0,Mar2020,0,0,0.0,0.0,0.0,0.0,0.0,0.0,0.0,0.0,0.0,0.0,0.0,0.0,0.0,0.0,0.0,0.0,0.0,0.0,0.0,0.0,0.0,0.0,0.0,0.0,0.0,0.0,0.0,0.0,0.0,0.0,0.0,0.0,0.0,0.0,0.0,0.0,0.0,0.0,0.0,0.0,0.0,0.0,0.0,0.0,0.0,0.0,0.0,0.0,0.0,0.0,0.0,0.0,0.0,0.0,0.0,0.0,0.0,0.0,0.0,0.0,63988443.0,75.0296,29.0,0.0,0.0,0.0,14867.0,0.0174,1686825.0,1.9779,2713763.0,0.7543,1255287.0,1.4719,9196396.0,10.7832,6428642.0,9.9656,82570460.0,76.5189
284,2019-12,2019,Dec2019,Linde India,Linde India Ltd,523457,INE473A01011,A,Mid Cap,Y,Y,69417.92,00000014,Chemicals,00000022,Chemicals,Company,LINDEINDIA,Active,Active,LINDEINDIA,Y,Consistently profitable Company,S,Dec2019,00000014,00000022,0.0,1761.79,859.57,2618.1,0.0,0.0,100.31,86.25,113.59,1341.68,177.25,1012.9100000000001,174.49,0.0,111.24,605.11,122.06999999999994,-4.26,544.59,12.79,1254.72,0.0,0.0,100.0,10.0,456.5,0.0,935.49,-3.26,0.0,0.0,727.18,85.27,85.27,250.56,250.56,1305.29,0.0,0.0,1190.16,0.0,0.0,0.0,0.0,0.0,0.0,0.0,0.0,0.0,0.0,0.0,1761.79,0.0,-3.26,415.06,348.67,58.17,305.88,0.0,1276.41,63988443.0,75.0296,29.0,0.0,0.0,0.0,14867.0,0.0174,1308192.0,1.5339,2858148.0,0.7636,2046102.0,2.3992,9170869.0,10.7533,5897602.0,9.5029,82426075.0,77.44619999999999
284,2019-12,2019,Dec2019,Linde India,Linde India Ltd,523457,INE473A01011,A,Mid Cap,Y,Y,69417.92,00000014,Chemicals,00000022,Chemicals,Company,LINDEINDIA,Active,Active,LINDEINDIA,Y,Consistently profitable Company,C,Dec2019,00000014,00000022,0.0,1761.79,859.57,2618.1,0.0,0.0,71.05,86.25,113.59,1341.68,177.25,1012.9100000000001,174.49,0.0,111.24,605.11,122.06999999999994,-1.63,579.66,15.42,1289.79,0.0,0.0,0.0,10.0,456.5,0.0,935.49,-3.26,0.0,0.0,727.18,0.0,0.0,254.67,254.67,1305.29,0.0,0.0,1190.16,0.0,0.0,0.0,0.0,0.0,727.18,100.0,85.27,85.27,85.27,85.27,1761.79,0.0,-3.26,415.06,348.67,58.17,335.14,0.0,1276.41,63988443.0,75.0296,29.0,0.0,0.0,0.0,14867.0,0.0174,1308192.0,1.5339,2858148.0,0.7636,2046102.0,2.3992,9170869.0,10.7533,5897602.0,9.5029,82426075.0,77.44619999999999
284,2019-09,2019,Sep2019,Linde India,Linde India Ltd,523457,INE473A01011,A,Mid Cap,Y,Y,69417.92,00000014,Chemicals,00000022,Chemicals,Company,LINDEINDIA,Active,Active,LINDEINDIA,Y,Consistently profitable Company,0,Sep2019,0,0,0.0,0.0,0.0,0.0,0.0,0.0,0.0,0.0,0.0,0.0,0.0,0.0,0.0,0.0,0.0,0.0,0.0,0.0,0.0,0.0,0.0,0.0,0.0,0.0,0.0,0.0,0.0,0.0,0.0,0.0,0.0,0.0,0.0,0.0,0.0,0.0,0.0,0.0,0.0,0.0,0.0,0.0,0.0,0.0,0.0,0.0,0.0,0.0,0.0,0.0,0.0,0.0,0.0,0.0,0.0,0.0,0.0,0.0,0.0,0.0,63963167.0,75.0,29.0,0.0,0.0,0.0,43503.0,0.051,1601676.0,1.878,2805395.0,0.8039,2056102.0,2.4109,9170567.0,10.7529,5643813.0,9.1031,82478828.0,77.4619
284,2019-06,2019,Jun2019,Linde India,Linde India Ltd,523457,INE473A01011,A,Mid Cap,Y,Y,69417.92,00000014,Chemicals,00000022,Chemicals,Company,LINDEINDIA,Active,Active,LINDEINDIA,Y,Consistently profitable Company,0,Jun2019,0,0,0.0,0.0,0.0,0.0,0.0,0.0,0.0,0.0,0.0,0.0,0.0,0.0,0.0,0.0,0.0,0.0,0.0,0.0,0.0,0.0,0.0,0.0,0.0,0.0,0.0,0.0,0.0,0.0,0.0,0.0,0.0,0.0,0.0,0.0,0.0,0.0,0.0,0.0,0.0,0.0,0.0,0.0,0.0,0.0,0.0,0.0,0.0,0.0,0.0,0.0,0.0,0.0,0.0,0.0,0.0,0.0,0.0,0.0,0.0,0.0,63963167.0,75.0,29.0,0.0,0.0,0.0,71585.0,0.0839,1593976.0,1.869,2828153.0,0.7924,1911102.0,2.2409,9149671.0,10.7284,5766569.0,9.2853,82456070.0,77.3248
284,2018-12,2018,Dec2018,Linde India,Linde India Ltd,523457,INE473A01011,A,Mid Cap,Y,Y,69417.92,00000014,Chemicals,00000022,Chemicals,Company,LINDEINDIA,Active,Active,LINDEINDIA,Y,Consistently profitable Company,S,Dec2018,00000014,00000022,0.0,2191.65,22.63,2210.9100000000003,0.0,0.0,103.54,102.7,127.29,1861.91,199.14,47.170000000000016,15.55,0.0,-1.86,0.22,33.27,-7.57,527.2,8.53,544.59,0.0,0.0,15.0,1.5,397.93,0.0,1462.84,-3.37,0.0,0.0,33.49,3.93,3.93,167.3,167.3,1793.72,0.0,0.0,246.31,0.0,0.0,0.0,0.0,0.0,0.0,0.0,0.0,0.0,0.0,0.0,2191.65,0.0,-3.37,388.93,890.12,56.5,295.53,0.0,349.01,0.0,0.0,0.0,0.0,0.0,0.0,0.0,0.0,0.0,0.0,0.0,0.0,0.0,0.0,0.0,0.0,0.0,0.0,0.0,0.0
284,2018-12,2018,Dec2018,Linde India,Linde India Ltd,523457,INE473A01011,A,Mid Cap,Y,Y,69417.92,00000014,Chemicals,00000022,Chemicals,Company,LINDEINDIA,Active,Active,LINDEINDIA,Y,Consistently profitable Company,C,Dec2018,00000014,00000022,0.0,2191.65,14.84,2203.1200000000003,0.0,0.0,103.54,102.7,127.29,1861.91,199.14,39.370000000000005,15.55,0.0,-1.86,0.2,25.490000000000002,-5.81,570.06,10.28,579.66,0.0,0.0,0.0,1.5,397.93,0.0,1462.84,-3.37,0.0,0.0,25.69,0.0,0.0,171.41,171.41,1793.72,0.0,0.0,238.51,0.0,0.0,0.0,0.0,0.0,25.69,15.0,3.01,3.01,3.01,3.01,2191.65,0.0,-3.37,388.93,890.12,56.5,295.53,0.0,341.21,0.0,0.0,0.0,0.0,0.0,0.0,0.0,0.0,0.0,0.0,0.0,0.0,0.0,0.0,0.0,0.0,0.0,0.0,0.0,0.0
284,2017-12,2017,Dec2017,Linde India,Linde India Ltd,523457,INE473A01011,A,Mid Cap,Y,Y,69417.92,00000014,Chemicals,00000022,Chemicals,Company,LINDEINDIA,Active,Active,LINDEINDIA,Y,Consistently profitable Company,S,Dec2017,00000014,00000022,0.0,2033.0599999999997,16.76,2045.1299999999999,0.0,0.0,90.7,116.47,116.45,1706.25,206.26,16.150000000000006,1.9,0.0,-4.68,-4.91,23.85,-0.77,516.73,7.7,527.2,8.528422,0.0,10.0,1.0,311.71,0.0,1365.8200000000002,-4.69,0.0,0.0,18.94,2.22,2.22,165.06,165.06,1803.27,0.0,0.0,222.41,0.0,0.0,0.0,0.0,0.0,0.0,0.0,0.0,0.0,0.0,0.0,2114.99,81.93,-4.69,268.5,922.49,58.38,249.73,0.0,338.88,0.0,0.0,0.0,0.0,0.0,0.0,0.0,0.0,0.0,0.0,0.0,0.0,0.0,0.0,0.0,0.0,0.0,0.0,0.0,0.0
284,2017-12,2017,Dec2017,Linde India,Linde India Ltd,523457,INE473A01011,A,Mid Cap,Y,Y,69417.92,00000014,Chemicals,00000022,Chemicals,Company,LINDEINDIA,Active,Active,LINDEINDIA,Y,Consistently profitable Company,C,Dec2017,00000014,00000022,0.0,2033.0599999999997,14.01,2042.3799999999999,0.0,0.0,90.7,116.47,116.45,1706.25,206.26,13.400000000000006,1.9,0.0,-4.68,-4.78,20.970000000000002,-0.77,562.34,7.7,570.06,8.528422,0.0,0.0,1.0,311.71,0.0,1365.8200000000002,-4.69,0.0,0.0,16.19,0.0,0.0,170.09,170.09,1803.27,0.0,0.0,219.66,0.0,0.0,0.0,0.0,0.0,16.19,10.0,1.9,1.9,1.9,1.9,2114.99,81.93,-4.69,268.5,922.49,58.38,249.73,0.0,336.13,0.0,0.0,0.0,0.0,0.0,0.0,0.0,0.0,0.0,0.0,0.0,0.0,0.0,0.0,0.0,0.0,0.0,0.0,0.0,0.0
284,2016-12,2016,Dec2016,Linde India,Linde India Ltd,523457,INE473A01011,A,Mid Cap,Y,Y,69417.92,00000014,Chemicals,00000022,Chemicals,Company,LINDEINDIA,Active,Active,LINDEINDIA,Y,Consistently profitable Company,S,Dec2016,00000014,00000022,0.0,1825.31,34.47,1866.44,0.0,0.0,107.8,115.57,98.73,1545.25,195.4,10.210000000000008,3.7,0.0,-6.9,11.99,1.42,-2.55,513.57,7.7,516.73,6.39599999999999,0.0,7.5,0.75,282.65,0.0,1230.05,6.66,0.0,0.0,13.41,1.57,1.57,163.61,163.61,1696.71,0.0,0.0,205.61,0.0,0.0,0.0,0.0,0.0,0.0,0.0,0.0,0.0,0.0,0.0,1979.36,154.05,6.66,253.2,818.11,60.01,207.4,0.0,321.18,0.0,0.0,0.0,0.0,0.0,0.0,0.0,0.0,0.0,0.0,0.0,0.0,0.0,0.0,0.0,0.0,0.0,0.0,0.0,0.0
284,2016-12,2016,Dec2016,Linde India,Linde India Ltd,523457,INE473A01011,A,Mid Cap,Y,Y,69417.92,00000014,Chemicals,00000022,Chemicals,Company,LINDEINDIA,Active,Active,LINDEINDIA,Y,Consistently profitable Company,C,Dec2016,00000014,00000022,0.0,1825.31,40.07,1872.04,0.0,0.0,107.8,115.57,98.73,1545.25,195.4,15.810000000000002,3.7,0.0,-6.9,12.02,6.990000000000002,-2.55,553.58,7.7,562.34,6.4,0.0,0.0,0.75,282.65,0.0,1230.05,6.66,0.0,0.0,19.01,0.0,0.0,168.96,168.96,1696.71,0.0,0.0,211.21,0.0,0.0,0.0,0.0,0.0,19.01,7.5,2.08,2.08,2.08,2.08,1979.36,154.05,6.66,253.2,818.11,60.01,207.4,0.0,326.78,0.0,0.0,0.0,0.0,0.0,0.0,0.0,0.0,0.0,0.0,0.0,0.0,0.0,0.0,0.0,0.0,0.0,0.0,0.0,0.0
284,2015-12,2015,Dec2015,Linde India,Linde India Ltd,523457,INE473A01011,A,Mid Cap,Y,Y,69417.92,00000014,Chemicals,00000022,Chemicals,Company,LINDEINDIA,Active,Active,LINDEINDIA,Y,Consistently profitable Company,S,Dec2015,00000014,00000022,0.0,1566.6299999999999,31.81,1596.7999999999997,0.0,0.0,91.69,89.88,92.43,1344.84,161.53,0.5500000000000114,-0.84,0.0,-22.06,5.64,17.82,-4.55,504.75,7.7,515.97,6.4,0.0,7.5,0.75,203.57999999999998,0.0,1093.22,-1.64,0.0,0.0,23.46,2.6,2.6,163.15,163.15,1498.77,0.0,0.0,162.08,0.0,0.0,0.0,0.0,0.0,0.0,0.0,0.0,0.0,0.0,0.0,1702.35,135.72,-1.64,167.81,746.87,86.11,159.93,0.0,251.96,0.0,0.0,0.0,0.0,0.0,0.0,0.0,0.0,0.0,0.0,0.0,0.0,0.0,0.0,0.0,0.0,0.0,0.0,0.0,0.0
284,2014-12,2014,Dec2014,Linde India,Linde India Ltd,523457,INE473A01011,A,Mid Cap,Y,Y,69417.92,00000014,Chemicals,00000022,Chemicals,Company,LINDEINDIA,Active,Active,LINDEINDIA,Y,Consistently profitable Company,S,Dec2014,00000014,00000022,0.0,1491.35,10.81,1501.3899999999999,0.0,0.0,84.95,102.87,90.91,1213.5900000000001,181.35,3.569999999999993,0.0,0.0,-1.82,6.06,-0.6599999999999993,0.0,514.97,15.62,504.75,12.79,0.0,15.0,1.5,222.88,0.0,962.3399999999999,-0.77,0.0,0.0,5.4,0.33,0.33,162.76,162.76,1391.99,0.0,0.0,184.92,0.0,0.0,0.0,0.0,0.0,0.0,0.0,0.0,0.0,0.0,0.0,1614.87,123.52,-0.77,168.41,615.39,87.63,166.29,0.0,287.78999999999996,0.0,0.0,0.0,0.0,0.0,0.0,0.0,0.0,0.0,0.0,0.0,0.0,0.0,0.0,0.0,0.0,0.0,0.0,0.0,0.0
284,2013-12,2013,Dec2013,Linde India,Linde India Ltd,523457,INE473A01011,A,Mid Cap,Y,Y,69417.92,00000014,Chemicals,00000022,Chemicals,Company,LINDEINDIA,Active,Active,LINDEINDIA,Y,Consistently profitable Company,S,Dec2013,00000014,00000022,0.0,1428.46,58.61,1490.4399999999998,0.0,0.0,71.85,74.45,81.52,1170.34,129.04,116.61000000000001,0.0,0.0,39.28,25.11,52.22,0.0,456.48,18.83,514.97,12.79,0.0,15.0,1.5,398.74,0.0,936.1999999999999,3.37,0.0,0.0,77.33,8.81,8.81,167.2,167.2,1130.75,0.0,0.0,245.65,0.0,0.0,0.0,0.0,0.0,0.0,0.0,0.0,0.0,0.0,0.0,1529.5,101.04,3.37,270.55,482.75,101.38,162.28,0.0,320.1,0.0,0.0,0.0,0.0,0.0,0.0,0.0,0.0,0.0,0.0,0.0,0.0,0.0,0.0,0.0,0.0,0.0,0.0,0.0,0.0
284,2012-12,2012,Dec2012,Linde India,Linde India Ltd,523457,INE473A01011,A,Mid Cap,Y,Y,69417.92,00000014,Chemicals,00000022,Chemicals,Company,LINDEINDIA,Active,Active,LINDEINDIA,Y,Consistently profitable Company,S,Dec2012,00000014,00000022,0.0,1324.4399999999998,75.29,1396.5999999999997,0.0,0.0,68.43,40.42,82.29,1118.17,112.52,125.50000000000001,4.35,0.0,31.67,38.14,51.34,0.0,386.34,19.34,456.48,12.79,0.0,15.0,1.5,403.6,0.0,907.9599999999999,-3.13,0.0,0.0,89.48,10.25,10.25,156.22,156.22,1007.74,0.0,0.0,238.02,0.0,0.0,0.0,0.0,0.0,0.0,0.0,0.0,0.0,0.0,0.0,1411.35,86.91,-3.13,300.37,444.39,80.91,141.78,0.0,278.44,0.0,0.0,0.0,0.0,0.0,0.0,0.0,0.0,0.0,0.0,0.0,0.0,0.0,0.0,0.0,0.0,0.0,0.0,0.0,0.0
284,2011-12,2011,Dec2011,Linde India,Linde India Ltd,523457,INE473A01011,A,Mid Cap,Y,Y,69417.92,00000014,Chemicals,00000022,Chemicals,Company,LINDEINDIA,Active,Active,LINDEINDIA,Y,Consistently profitable Company,S,Dec2011,00000014,00000022,0.0,1153.08,13.23,1167.31,0.0,0.0,52.64,0.53,62.17,921.1099999999999,70.82,174.85,39.33,0.0,13.86,3.61,118.05,0.0,285.64,20.96,386.34,12.79,0.0,15.0,1.5,47.69,0.0,738.3299999999999,1.0,0.0,0.0,121.66,14.02,14.02,147.79,147.79,1168.16,0.0,0.0,245.67,0.0,0.0,0.0,0.0,0.0,0.0,0.0,0.0,0.0,0.0,0.0,1215.85,62.77,1.0,193.7,349.09,133.37,130.14,0.0,246.2,0.0,0.0,0.0,0.0,0.0,0.0,0.0,0.0,0.0,0.0,0.0,0.0,0.0,0.0,0.0,0.0,0.0,0.0,0.0,0.0
284,2010-12,2010,Dec2010,Linde India,Linde India Ltd,523457,INE473A01011,A,Mid Cap,Y,Y,69417.92,00000014,Chemicals,00000022,Chemicals,Company,LINDEINDIA,Active,Active,LINDEINDIA,Y,Consistently profitable Company,S,Dec2010,00000014,00000022,0.0,985.7499999999999,22.34,1009.9799999999999,0.0,0.0,52.69,0.46,51.04,821.06,58.89,129.57,20.33,0.0,15.61,-0.44,94.07,0.0,211.6,19.59,285.64,12.79,0.0,15.0,1.5,0.0,0.0,663.28,1.89,0.0,0.22,93.63,10.73,10.73,130.56,130.56,1036.11,0.0,0.0,188.46,0.0,0.0,0.0,0.0,0.0,0.0,0.0,0.0,0.0,0.0,0.0,1036.11,50.36,1.89,216.82,259.65,135.77,105.09,0.0,188.92000000000002,0.0,0.0,0.0,0.0,0.0,0.0,0.0,0.0,0.0,0.0,0.0,0.0,0.0,0.0,0.0,0.0,0.0,0.0,0.0,0.0
329,2024-06,2024,Jun2024,Kesoram Inds.,Kesoram Industries Ltd,502937,INE087A01019,A,Small Cap,Y,Y,6716.99,00000011,Cement,00000018,Cement - North India,Company,KESORAMIND,Active,Active,KESORAMIND,Y,Consistently loss making Company,0,Jun2024,0,0,0.0,0.0,0.0,0.0,0.0,0.0,0.0,0.0,0.0,0.0,0.0,0.0,0.0,0.0,0.0,0.0,0.0,0.0,0.0,0.0,0.0,0.0,0.0,0.0,0.0,0.0,0.0,0.0,0.0,0.0,0.0,0.0,0.0,0.0,0.0,0.0,0.0,0.0,0.0,0.0,0.0,0.0,0.0,0.0,0.0,0.0,0.0,0.0,0.0,0.0,0.0,0.0,0.0,0.0,0.0,0.0,0.0,0.0,0.0,0.0,134650683.0,43.3429,186530.0,0.06,68817624.0,51.11,25689410.0,8.2692,26182875.0,10.697000000000001,57459620.0,0.6011,10924462.0,3.5165,12417407.0,3.9971,43339206.0,29.5162,253204043.0,55.1886
329,2024-03,2024,Mar2024,Kesoram Inds.,Kesoram Industries Ltd,502937,INE087A01019,A,Small Cap,Y,Y,6716.99,00000011,Cement,00000018,Cement - North India,Company,KESORAMIND,Active,Active,KESORAMIND,Y,Consistently loss making Company,S,Mar2024,00000011,00000018,0.0,4153.13,43.06,4222.59,0.0,0.0,100.62,461.75,160.98,3867.37,115.28,-221.81,0.0,0.0,109.86,-32.15,-299.52000000000004,2.14,-1281.08,0.0,-1610.61,0.0,0.0,0.0,0.0,4.38,0.0,3186.91,26.4,0.0,0.0,-331.67,-10.68,-10.68,8.35,8.35,4148.75,0.0,0.0,-106.53,0.0,0.0,0.0,0.0,0.0,0.0,0.0,0.0,0.0,0.0,0.0,4153.13,0.0,26.4,415.31,1374.76,1235.86,579.84,0.0,355.22,134650683.0,43.3429,186530.0,0.06,68817624.0,51.11,25940048.0,8.3499,27810863.0,11.221,60547741.0,0.4334,8669588.0,2.7907,4131853.0,1.33,48912887.0,32.472,250115922.0,54.5435
329,2024-03,2024,Mar2024,Kesoram Inds.,Kesoram Industries Ltd,502937,INE087A01019,A,Small Cap,Y,Y,6716.99,00000011,Cement,00000018,Cement - North India,Company,KESORAMIND,Active,Active,KESORAMIND,Y,Consistently loss making Company,C,Mar2024,00000011,00000018,0.0,4419.17,49.06,4495.01,0.0,0.0,90.86,488.5,227.4,4143.85,136.89,-274.23,0.0,0.0,109.86,-29.05,-355.03999999999996,7.07,-1496.59,0.0,-1873.61,0.0,0.0,0.0,0.0,4.46,0.0,3451.44,26.78,0.0,0.0,-384.09,0.0,0.0,1.19,1.19,4414.71,0.0,0.0,-137.34,0.0,0.0,0.0,0.0,0.0,-384.09,0.0,-12.36,-12.36,-12.36,-12.36,4419.17,0.0,26.78,519.68,1436.3,1268.06,601.55,0.0,351.15999999999997,134650683.0,43.3429,186530.0,0.06,68817624.0,51.11,25940048.0,8.3499,27810863.0,11.221,60547741.0,0.4334,8669588.0,2.7907,4131853.0,1.33,48912887.0,32.472,250115922.0,54.5435
329,2023-12,2023,Dec2023,Kesoram Inds.,Kesoram Industries Ltd,502937,INE087A01019,A,Small Cap,Y,Y,6716.99,00000011,Cement,00000018,Cement - North India,Company,KESORAMIND,Active,Active,KESORAMIND,Y,Consistently loss making Company,0,Dec2023,0,0,0.0,0.0,0.0,0.0,0.0,0.0,0.0,0.0,0.0,0.0,0.0,0.0,0.0,0.0,0.0,0.0,0.0,0.0,0.0,0.0,0.0,0.0,0.0,0.0,0.0,0.0,0.0,0.0,0.0,0.0,0.0,0.0,0.0,0.0,0.0,0.0,0.0,0.0,0.0,0.0,0.0,0.0,0.0,0.0,0.0,0.0,0.0,0.0,0.0,0.0,0.0,0.0,0.0,0.0,0.0,0.0,0.0,0.0,0.0,0.0,134822064.0,43.3981,90825.0,0.0292,69537782.0,51.58,26753880.0,8.6118,22303351.0,9.446,65434398.0,0.2905,4081600.0,1.3138,10080472.0,3.2448,47187898.0,33.6657,245229265.0,53.352900000000005
329,2023-09,2023,Sep2023,Kesoram Inds.,Kesoram Industries Ltd,502937,INE087A01019,A,Small Cap,Y,Y,6716.99,00000011,Cement,00000018,Cement - North India,Company,KESORAMIND,Active,Active,KESORAMIND,Y,Consistently loss making Company,0,Sep2023,0,0,0.0,0.0,0.0,0.0,0.0,0.0,0.0,0.0,0.0,0.0,0.0,0.0,0.0,0.0,0.0,0.0,0.0,0.0,0.0,0.0,0.0,0.0,0.0,0.0,0.0,0.0,0.0,0.0,0.0,0.0,0.0,0.0,0.0,0.0,0.0,0.0,0.0,0.0,0.0,0.0,0.0,0.0,0.0,0.0,0.0,0.0,0.0,0.0,0.0,0.0,0.0,0.0,0.0,0.0,0.0,0.0,0.0,0.0,0.0,0.0,134822064.0,43.3981,0.0,0.0,28681909.0,21.27,27622105.0,8.8913,13748485.0,6.6923,75920856.0,0.3983,200.0,0.0001,4889899.0,1.574,53660054.0,39.046,234742807.0,52.289500000000004
329,2023-06,2023,Jun2023,Kesoram Inds.,Kesoram Industries Ltd,502937,INE087A01019,A,Small Cap,Y,Y,6716.99,00000011,Cement,00000018,Cement - North India,Company,KESORAMIND,Active,Active,KESORAMIND,Y,Consistently loss making Company,0,Jun2023,0,0,0.0,0.0,0.0,0.0,0.0,0.0,0.0,0.0,0.0,0.0,0.0,0.0,0.0,0.0,0.0,0.0,0.0,0.0,0.0,0.0,0.0,0.0,0.0,0.0,0.0,0.0,0.0,0.0,0.0,0.0,0.0,0.0,0.0,0.0,0.0,0.0,0.0,0.0,0.0,0.0,0.0,0.0,0.0,0.0,0.0,0.0,0.0,0.0,0.0,0.0,0.0,0.0,0.0,0.0,0.0,0.0,0.0,0.0,0.0,0.0,134822064.0,43.3981,0.0,0.0,28681909.0,21.27,32916011.0,10.5954,11746207.0,6.0499,72600759.0,0.0869,200.0,0.0001,12240.0,0.0039,58566182.0,39.8658,238062904.0,53.9936
329,2023-03,2023,Mar2023,Kesoram Inds.,Kesoram Industries Ltd,502937,INE087A01019,A,Small Cap,Y,Y,6716.99,00000011,Cement,00000018,Cement - North India,Company,KESORAMIND,Active,Active,KESORAMIND,Y,Consistently loss making Company,S,Mar2023,00000011,00000018,0.0,3860.86,70.18,3971.61,0.0,0.0,202.99,422.78,159.32,3773.46,81.57,-306.2,0.0,0.0,-190.53,-172.74,57.07000000000001,-1.43,-1163.98,0.0,-1281.08,0.0,0.0,0.0,0.0,16.3,0.0,3077.01,40.57,0.0,0.0,-115.67,-3.72,-3.72,19.0,19.0,3844.56,0.0,0.0,-224.63,0.0,0.0,0.0,0.0,0.0,0.0,0.0,0.0,0.0,0.0,0.0,3860.86,0.0,40.57,373.18,1382.86,1161.65,493.46,0.0,198.14999999999998,134822064.0,43.3981,0.0,0.0,28681909.0,21.27,35415918.0,11.4001,9706007.0,5.3932,72447883.0,0.0796,200.0,0.0001,12240.0,0.0039,58259351.0,39.725,238215780.0,54.798300000000005
329,2023-03,2023,Mar2023,Kesoram Inds.,Kesoram Industries Ltd,502937,INE087A01019,A,Small Cap,Y,Y,6716.99,00000011,Cement,00000018,Cement - North India,Company,KESORAMIND,Active,Active,KESORAMIND,Y,Consistently loss making Company,C,Mar2023,00000011,00000018,0.0,4111.69,70.26,4237.66,0.0,0.0,208.78,450.03,219.4,4069.9100000000003,102.52,-384.79999999999995,0.0,0.0,-190.53,-172.74,-21.53,-2.2,-1300.12,0.0,-1496.59,0.0,0.0,0.0,0.0,16.32,0.0,3359.06,55.71,0.0,0.0,-194.27,0.0,0.0,13.37,13.37,4095.37,0.0,0.0,-282.28,0.0,0.0,0.0,0.0,0.0,-194.27,0.0,-6.25,-6.25,-6.25,-6.25,4111.69,0.0,55.71,485.84,1463.72,1190.1,502.07,0.0,167.75,134822064.0,43.3981,0.0,0.0,28681909.0,21.27,35415918.0,11.4001,9706007.0,5.3932,72447883.0,0.0796,200.0,0.0001,12240.0,0.0039,58259351.0,39.725,238215780.0,54.798300000000005
329,2022-12,2022,Dec2022,Kesoram Inds.,Kesoram Industries Ltd,502937,INE087A01019,A,Small Cap,Y,Y,6716.99,00000011,Cement,00000018,Cement - North India,Company,KESORAMIND,Active,Active,KESORAMIND,Y,Consistently loss making Company,0,Dec2022,0,0,0.0,0.0,0.0,0.0,0.0,0.0,0.0,0.0,0.0,0.0,0.0,0.0,0.0,0.0,0.0,0.0,0.0,0.0,0.0,0.0,0.0,0.0,0.0,0.0,0.0,0.0,0.0,0.0,0.0,0.0,0.0,0.0,0.0,0.0,0.0,0.0,0.0,0.0,0.0,0.0,0.0,0.0,0.0,0.0,0.0,0.0,0.0,0.0,0.0,0.0,0.0,0.0,0.0,0.0,0.0,0.0,0.0,0.0,0.0,0.0,134822064.0,43.3981,0.0,0.0,28681909.0,21.27,37251612.0,11.991,1948026.0,2.8938,73922242.0,0.0796,200.0,0.0001,12240.0,0.0039,62707279.0,41.6335,236741421.0,55.3892
329,2022-09,2022,Sep2022,Kesoram Inds.,Kesoram Industries Ltd,502937,INE087A01019,A,Small Cap,Y,Y,6716.99,00000011,Cement,00000018,Cement - North India,Company,KESORAMIND,Active,Active,KESORAMIND,Y,Consistently loss making Company,0,Sep2022,0,0,0.0,0.0,0.0,0.0,0.0,0.0,0.0,0.0,0.0,0.0,0.0,0.0,0.0,0.0,0.0,0.0,0.0,0.0,0.0,0.0,0.0,0.0,0.0,0.0,0.0,0.0,0.0,0.0,0.0,0.0,0.0,0.0,0.0,0.0,0.0,0.0,0.0,0.0,0.0,0.0,0.0,0.0,0.0,0.0,0.0,0.0,0.0,0.0,0.0,0.0,0.0,0.0,0.0,0.0,0.0,0.0,0.0,0.0,0.0,0.0,134822064.0,43.3981,0.0,0.0,55020159.0,40.81,39746612.0,12.7941,1286413.0,2.6808,73287761.0,0.0841,200.0,0.0001,12240.0,0.0039,61508373.0,41.0389,237375902.0,56.1923
329,2022-08,2022,Aug2022,Kesoram Inds.,Kesoram Industries Ltd,502937,INE087A01019,A,Small Cap,Y,Y,6716.99,00000011,Cement,00000018,Cement - North India,Company,KESORAMIND,Active,Active,KESORAMIND,Y,Consistently loss making Company,0,Aug2022,0,0,0.0,0.0,0.0,0.0,0.0,0.0,0.0,0.0,0.0,0.0,0.0,0.0,0.0,0.0,0.0,0.0,0.0,0.0,0.0,0.0,0.0,0.0,0.0,0.0,0.0,0.0,0.0,0.0,0.0,0.0,0.0,0.0,0.0,0.0,0.0,0.0,0.0,0.0,0.0,0.0,0.0,0.0,0.0,0.0,0.0,0.0,0.0,0.0,0.0,0.0,0.0,0.0,0.0,0.0,0.0,0.0,0.0,0.0,0.0,0.0,134822064.0,43.3981,0.0,0.0,55020159.0,40.81,41559538.0,13.3777,1081155.0,0.348,72930976.0,0.0,200.0,0.0001,12240.0,0.0039,60257490.0,42.8722,237732687.0,56.77590000000001
329,2022-06,2022,Jun2022,Kesoram Inds.,Kesoram Industries Ltd,502937,INE087A01019,A,Small Cap,Y,Y,6716.99,00000011,Cement,00000018,Cement - North India,Company,KESORAMIND,Active,Active,KESORAMIND,Y,Consistently loss making Company,0,Jun2022,0,0,0.0,0.0,0.0,0.0,0.0,0.0,0.0,0.0,0.0,0.0,0.0,0.0,0.0,0.0,0.0,0.0,0.0,0.0,0.0,0.0,0.0,0.0,0.0,0.0,0.0,0.0,0.0,0.0,0.0,0.0,0.0,0.0,0.0,0.0,0.0,0.0,0.0,0.0,0.0,0.0,0.0,0.0,0.0,0.0,0.0,0.0,0.0,0.0,0.0,0.0,0.0,0.0,0.0,0.0,0.0,0.0,0.0,0.0,0.0,0.0,120323896.0,49.2134,0.0,0.0,55020159.0,45.73,20763289.0,8.4923,739942.0,0.3026,44330285.0,0.0,200.0,0.0001,12240.0,0.005,58324380.0,41.9865,200163947.0,57.7058
329,2022-03,2022,Mar2022,Kesoram Inds.,Kesoram Industries Ltd,502937,INE087A01019,A,Small Cap,Y,Y,6716.99,00000011,Cement,00000018,Cement - North India,Company,KESORAMIND,Active,Active,KESORAMIND,Y,Consistently loss making Company,S,Mar2022,00000011,00000018,0.0,3539.56,38.15,3596.89,0.0,0.0,189.77,481.7,148.32,3164.34,90.73,-139.88,0.0,0.0,-9.87,-154.38,24.370000000000005,3.59,-1037.56,0.0,-1163.98,0.0,0.0,0.0,0.0,9.34,0.0,2806.85,19.18,0.0,0.0,-130.01,-5.32,-5.32,24.76,24.76,3530.22,0.0,0.0,-49.15,0.0,0.0,0.0,0.0,0.0,0.0,0.0,0.0,0.0,0.0,0.0,3539.56,0.0,19.18,361.06,1125.64,1171.83,167.72,0.0,432.55,120323896.0,49.1501,340241.0,0.139,54820159.0,45.56,22238004.0,9.0838,1182160.0,0.4829,38002683.0,0.0,200.0,0.0001,12240.0,0.005,63049913.0,41.1391,206806413.0,58.373000000000005
329,2022-03,2022,Mar2022,Kesoram Inds.,Kesoram Industries Ltd,502937,INE087A01019,A,Small Cap,Y,Y,6716.99,00000011,Cement,00000018,Cement - North India,Company,KESORAMIND,Active,Active,KESORAMIND,Y,Consistently loss making Company,C,Mar2022,00000011,00000018,0.0,3605.88,36.59,3656.9,0.0,0.0,58.16,501.69,183.36,3130.66,111.76,-87.21000000000001,0.0,0.0,-9.87,-22.5,-54.84,3.59,-1226.38,0.0,-1300.13,0.0,0.0,0.0,0.0,6.45,0.0,2901.43,14.43,0.0,0.0,-77.34,0.0,0.0,20.85,20.85,3599.43,0.0,0.0,24.55,0.0,0.0,0.0,0.0,0.0,-77.34,0.0,-3.16,-3.16,-3.16,-3.16,3605.88,0.0,14.43,392.54,1138.85,1186.68,171.07,0.0,526.24,120323896.0,49.1501,340241.0,0.139,54820159.0,45.56,22238004.0,9.0838,1182160.0,0.4829,38002683.0,0.0,200.0,0.0001,12240.0,0.005,63049913.0,41.1391,206806413.0,58.373000000000005
329,2022-01,2022,Jan2022,Kesoram Inds.,Kesoram Industries Ltd,502937,INE087A01019,A,Small Cap,Y,Y,6716.99,00000011,Cement,00000018,Cement - North India,Company,KESORAMIND,Active,Active,KESORAMIND,Y,Consistently loss making Company,0,Jan2022,0,0,0.0,0.0,0.0,0.0,0.0,0.0,0.0,0.0,0.0,0.0,0.0,0.0,0.0,0.0,0.0,0.0,0.0,0.0,0.0,0.0,0.0,0.0,0.0,0.0,0.0,0.0,0.0,0.0,0.0,0.0,0.0,0.0,0.0,0.0,0.0,0.0,0.0,0.0,0.0,0.0,0.0,0.0,0.0,0.0,0.0,0.0,0.0,0.0,0.0,0.0,0.0,0.0,0.0,0.0,0.0,0.0,0.0,0.0,0.0,0.0,120323896.0,49.1501,340241.0,0.139,34679837.0,28.82,22238004.0,9.0838,598508.0,0.2445,41271837.0,0.0,200.0,0.0001,12240.0,0.005,60364411.0,41.3776,203537259.0,58.373000000000005
329,2021-12,2021,Dec2021,Kesoram Inds.,Kesoram Industries Ltd,502937,INE087A01019,A,Small Cap,Y,Y,6716.99,00000011,Cement,00000018,Cement - North India,Company,KESORAMIND,Active,Active,KESORAMIND,Y,Consistently loss making Company,0,Dec2021,0,0,0.0,0.0,0.0,0.0,0.0,0.0,0.0,0.0,0.0,0.0,0.0,0.0,0.0,0.0,0.0,0.0,0.0,0.0,0.0,0.0,0.0,0.0,0.0,0.0,0.0,0.0,0.0,0.0,0.0,0.0,0.0,0.0,0.0,0.0,0.0,0.0,0.0,0.0,0.0,0.0,0.0,0.0,0.0,0.0,0.0,0.0,0.0,0.0,0.0,0.0,0.0,0.0,0.0,0.0,0.0,0.0,0.0,0.0,0.0,0.0,120323896.0,49.1501,340241.0,0.139,34679837.0,28.82,22238004.0,9.0838,774115.0,0.3162,40183372.0,0.0,65707.0,0.0268,12240.0,0.005,61211762.0,41.2791,204625724.0,58.3997
329,2021-10,2021,Oct2021,Kesoram Inds.,Kesoram Industries Ltd,502937,INE087A01019,A,Small Cap,Y,Y,6716.99,00000011,Cement,00000018,Cement - North India,Company,KESORAMIND,Active,Active,KESORAMIND,Y,Consistently loss making Company,0,Oct2021,0,0,0.0,0.0,0.0,0.0,0.0,0.0,0.0,0.0,0.0,0.0,0.0,0.0,0.0,0.0,0.0,0.0,0.0,0.0,0.0,0.0,0.0,0.0,0.0,0.0,0.0,0.0,0.0,0.0,0.0,0.0,0.0,0.0,0.0,0.0,0.0,0.0,0.0,0.0,0.0,0.0,0.0,0.0,0.0,0.0,0.0,0.0,0.0,0.0,0.0,0.0,0.0,0.0,0.0,0.0,0.0,0.0,0.0,0.0,0.0,0.0,120323896.0,49.1501,1296.0,0.0005,34679837.0,28.82,22424388.0,9.1599,438996.0,0.1793,47118220.0,0.0,503176.0,0.2055,12240.0,0.005,53988180.0,41.2996,197690876.0,58.516000000000005
329,2021-09,2021,Sep2021,Kesoram Inds.,Kesoram Industries Ltd,502937,INE087A01019,A,Small Cap,Y,Y,6716.99,00000011,Cement,00000018,Cement - North India,Company,KESORAMIND,Active,Active,KESORAMIND,Y,Consistently loss making Company,0,Sep2021,0,0,0.0,0.0,0.0,0.0,0.0,0.0,0.0,0.0,0.0,0.0,0.0,0.0,0.0,0.0,0.0,0.0,0.0,0.0,0.0,0.0,0.0,0.0,0.0,0.0,0.0,0.0,0.0,0.0,0.0,0.0,0.0,0.0,0.0,0.0,0.0,0.0,0.0,0.0,0.0,0.0,0.0,0.0,0.0,0.0,0.0,0.0,0.0,0.0,0.0,0.0,0.0,0.0,0.0,0.0,0.0,0.0,0.0,0.0,0.0,0.0,75761340.0,45.9685,341537.0,0.2072,34679837.0,45.78,22238004.0,13.493,345232.0,0.2095,27183542.0,0.0,503176.0,0.3053,12240.0,0.0074,38767807.0,39.809,137627799.0,59.974000000000004
329,2021-06,2021,Jun2021,Kesoram Inds.,Kesoram Industries Ltd,502937,INE087A01019,A,Small Cap,Y,Y,6716.99,00000011,Cement,00000018,Cement - North India,Company,KESORAMIND,Active,Active,KESORAMIND,Y,Consistently loss making Company,0,Jun2021,0,0,0.0,0.0,0.0,0.0,0.0,0.0,0.0,0.0,0.0,0.0,0.0,0.0,0.0,0.0,0.0,0.0,0.0,0.0,0.0,0.0,0.0,0.0,0.0,0.0,0.0,0.0,0.0,0.0,0.0,0.0,0.0,0.0,0.0,0.0,0.0,0.0,0.0,0.0,0.0,0.0,0.0,0.0,0.0,0.0,0.0,0.0,0.0,0.0,0.0,0.0,0.0,0.0,0.0,0.0,0.0,0.0,0.0,0.0,0.0,0.0,75761340.0,45.9685,340241.0,0.2064,34679837.0,45.78,22238004.0,13.493,151117.0,0.0917,27383866.0,0.0,2717152.0,1.6486,12240.0,0.0074,36547622.0,38.5843,137427475.0,61.316500000000005
329,2021-03,2021,Mar2021,Kesoram Inds.,Kesoram Industries Ltd,502937,INE087A01019,A,Small Cap,Y,Y,6716.99,00000011,Cement,00000018,Cement - North India,Company,KESORAMIND,Active,Active,KESORAMIND,Y,Consistently loss making Company,S,Mar2021,00000011,00000018,0.0,2415.21,379.56,2768.2599999999998,0.0,0.0,597.43,245.81,141.23,2566.35,96.21,-140.10999999999999,-43.87,0.0,-263.18,-294.56,461.5,0.52,-1205.02,0.0,-1037.56,0.0,0.0,0.0,0.0,4.93,0.0,1861.2800000000002,-26.51,0.0,0.0,166.94,10.13,8.667602163050175,18.019713875008556,21.06,2410.28,0.0,0.0,-43.9,0.0,0.0,0.0,0.0,0.0,0.0,0.0,0.0,0.0,0.0,0.0,2415.21,0.0,-26.51,237.83,602.22,880.0,107.64,0.0,201.91,75761340.0,45.9685,340241.0,0.2064,34679837.0,45.78,22238046.0,13.493,41673.0,0.0253,26215221.0,0.0,3767152.0,2.2857,12240.0,0.0074,36775669.0,38.0136,138596120.0,61.9536
329,2021-03,2021,Mar2021,Kesoram Inds.,Kesoram Industries Ltd,502937,INE087A01019,A,Small Cap,Y,Y,6716.99,00000011,Cement,00000018,Cement - North India,Company,KESORAMIND,Active,Active,KESORAMIND,Y,Consistently loss making Company,C,Mar2021,00000011,00000018,0.0,2652.77,349.5,2968.89,0.0,0.0,530.78,275.8,215.55,2742.0699999999997,117.96,-166.94,-43.87,0.0,-263.18,-220.61,360.72,2.28,-1368.77,0.0,-1226.38,0.0,0.0,0.0,0.0,5.1,0.0,2098.3,-33.38,0.0,0.0,140.11,0.0,0.0,10.250530494900405,11.98,2647.67,0.0,0.0,-48.98,0.0,0.0,0.0,0.0,0.0,140.11,0.0,8.5,7.272913957149703,8.5,7.272913957149703,2652.77,0.0,-33.38,325.49,647.62,909.64,112.99,0.0,226.82000000000002,75761340.0,45.9685,340241.0,0.2064,34679837.0,45.78,22238046.0,13.493,41673.0,0.0253,26215221.0,0.0,3767152.0,2.2857,12240.0,0.0074,36775669.0,38.0136,138596120.0,61.9536
329,2020-12,2020,Dec2020,Kesoram Inds.,Kesoram Industries Ltd,502937,INE087A01019,A,Small Cap,Y,Y,6716.99,00000011,Cement,00000018,Cement - North India,Company,KESORAMIND,Active,Active,KESORAMIND,Y,Consistently loss making Company,0,Dec2020,0,0,0.0,0.0,0.0,0.0,0.0,0.0,0.0,0.0,0.0,0.0,0.0,0.0,0.0,0.0,0.0,0.0,0.0,0.0,0.0,0.0,0.0,0.0,0.0,0.0,0.0,0.0,0.0,0.0,0.0,0.0,0.0,0.0,0.0,0.0,0.0,0.0,0.0,0.0,0.0,0.0,0.0,0.0,0.0,0.0,0.0,0.0,0.0,0.0,0.0,0.0,0.0,0.0,0.0,0.0,0.0,0.0,0.0,0.0,0.0,0.0,75761340.0,53.1323,340241.0,0.2386,33959679.0,44.82,16784.0,0.0118,6700.0,0.0047,26501631.0,0.0,5034087.0,3.5305,12240.0,0.0086,35257297.0,43.0736,116088448.0,56.9132
329,2020-09,2020,Sep2020,Kesoram Inds.,Kesoram Industries Ltd,502937,INE087A01019,A,Small Cap,Y,Y,6716.99,00000011,Cement,00000018,Cement - North India,Company,KESORAMIND,Active,Active,KESORAMIND,Y,Consistently loss making Company,0,Sep2020,0,0,0.0,0.0,0.0,0.0,0.0,0.0,0.0,0.0,0.0,0.0,0.0,0.0,0.0,0.0,0.0,0.0,0.0,0.0,0.0,0.0,0.0,0.0,0.0,0.0,0.0,0.0,0.0,0.0,0.0,0.0,0.0,0.0,0.0,0.0,0.0,0.0,0.0,0.0,0.0,0.0,0.0,0.0,0.0,0.0,0.0,0.0,0.0,0.0,0.0,0.0,0.0,0.0,0.0,0.0,0.0,0.0,0.0,0.0,0.0,0.0,75761340.0,53.1323,340251.0,0.2386,33959679.0,44.82,16784.0,0.0118,6700.0,0.0047,24978285.0,0.0,5034087.0,3.5305,12240.0,0.0086,36780643.0,43.0736,117611794.0,56.9132
329,2020-06,2020,Jun2020,Kesoram Inds.,Kesoram Industries Ltd,502937,INE087A01019,A,Small Cap,Y,Y,6716.99,00000011,Cement,00000018,Cement - North India,Company,KESORAMIND,Active,Active,KESORAMIND,Y,Consistently loss making Company,0,Jun2020,0,0,0.0,0.0,0.0,0.0,0.0,0.0,0.0,0.0,0.0,0.0,0.0,0.0,0.0,0.0,0.0,0.0,0.0,0.0,0.0,0.0,0.0,0.0,0.0,0.0,0.0,0.0,0.0,0.0,0.0,0.0,0.0,0.0,0.0,0.0,0.0,0.0,0.0,0.0,0.0,0.0,0.0,0.0,0.0,0.0,0.0,0.0,0.0,0.0,0.0,0.0,0.0,0.0,0.0,0.0,0.0,0.0,0.0,0.0,0.0,0.0,75761340.0,53.1323,340251.0,0.2386,33959679.0,44.82,211647.0,0.1484,6700.0,0.0047,25525865.0,0.0,5034087.0,3.5305,122255.0,0.0857,35928185.0,42.8598,117064214.0,57.049800000000005
329,2020-03,2020,Mar2020,Kesoram Inds.,Kesoram Industries Ltd,502937,INE087A01019,A,Small Cap,Y,Y,6716.99,00000011,Cement,00000018,Cement - North India,Company,KESORAMIND,Active,Active,KESORAMIND,Y,Consistently loss making Company,S,Mar2020,00000011,00000018,0.0,2329.95,79.35,2415.1299999999997,0.0,0.0,390.18,315.05,133.93,2494.3199999999997,91.26,-485.5,0.0,0.0,0.0,-387.12,-98.38,-3.82,-709.99,5.71,-1205.02,0.0,0.0,0.0,0.0,6.6,0.0,1114.3899999999999,5.83,0.0,0.0,-485.5,-34.05,-29.12745936698032,1.6424294268605644,1.92,2323.35,0.0,0.0,-394.24,0.0,0.0,0.0,0.0,0.0,0.0,0.0,0.0,0.0,0.0,0.0,2329.95,0.0,5.83,246.68,639.12,94.66,989.75,0.0,-79.19,75761340.0,53.1323,340251.0,0.2386,33959679.0,44.82,213813.0,0.1499,6700.0,0.0047,26198838.0,0.0,5034087.0,3.5305,83341.0,0.0584,35291960.0,42.8856,116391241.0,57.0513
329,2020-03,2020,Mar2020,Kesoram Inds.,Kesoram Industries Ltd,502937,INE087A01019,A,Small Cap,Y,Y,6716.99,00000011,Cement,00000018,Cement - North India,Company,KESORAMIND,Active,Active,KESORAMIND,Y,Consistently loss making Company,C,Mar2020,00000011,00000018,0.0,2645.64,40.34,2687.9,0.0,0.0,73.07,343.63,219.55,2419.19,112.61,-187.53,0.0,0.0,0.0,-0.67,-186.86,-7.93,-1167.6,5.71,-1368.77,0.0,0.0,0.0,0.0,7.04,0.0,1405.95,1.92,0.0,0.0,-187.53,0.0,0.0,-5.83404619332763,-6.82,2638.6,0.0,0.0,-74.92,0.0,0.0,0.0,0.0,0.0,-187.53,0.0,-13.15,-11.248930710008555,-13.15,-11.248930710008555,2645.64,0.0,1.92,369.16,694.96,122.28,940.17,0.0,268.71,75761340.0,53.1323,340251.0,0.2386,33959679.0,44.82,213813.0,0.1499,6700.0,0.0047,26198838.0,0.0,5034087.0,3.5305,83341.0,0.0584,35291960.0,42.8856,116391241.0,57.0513
329,2019-03,2019,Mar2019,Kesoram Inds.,Kesoram Industries Ltd,502937,INE087A01019,A,Small Cap,Y,Y,6716.99,00000011,Cement,00000018,Cement - North India,Company,KESORAMIND,Active,Active,KESORAMIND,Y,Consistently loss making Company,S,Mar2019,00000011,00000018,0.0,2580.56,82.21,2655.13,0.0,0.0,287.95,282.6,121.61,2550.81,87.92,-266.2,-11.95,0.0,0.0,0.0,-254.25,0.11,-458.57,-2.72,-709.99,0.0,0.0,0.0,0.0,12.96,0.0,1160.9799999999998,-7.64,0.0,0.0,-254.25,0.0,0.0,29.519181910569106,37.18,2567.6,0.0,0.0,-178.28,0.0,0.0,0.0,0.0,0.0,0.0,0.0,0.0,0.0,0.0,0.0,2580.56,0.0,-7.64,253.68,677.92,107.77,1101.88,0.0,104.32000000000002,0.0,0.0,0.0,0.0,0.0,0.0,0.0,0.0,0.0,0.0,0.0,0.0,0.0,0.0,0.0,0.0,0.0,0.0,0.0,0.0
329,2019-03,2019,Mar2019,Kesoram Inds.,Kesoram Industries Ltd,502937,INE087A01019,A,Small Cap,Y,Y,6716.99,00000011,Cement,00000018,Cement - North India,Company,KESORAMIND,Active,Active,KESORAMIND,Y,Consistently loss making Company,C,Mar2019,00000011,00000018,0.0,2903.91,60.96,2944.31,0.0,0.0,360.98,356.51,205.62,2855.08,107.99,-375.27,-11.95,0.0,0.0,-3.68,-359.64,-0.54,-662.23,141.51,-1167.6,0.0,0.0,0.0,0.0,13.2,0.0,1441.5100000000002,-20.56,0.0,0.0,-363.32,0.0,0.0,6.2484120934959355,7.87,2890.71,0.0,0.0,-267.28,0.0,0.0,0.0,0.0,0.0,-363.32,0.0,0.0,0.0,0.0,0.0,2903.91,0.0,-20.56,374.92,727.24,133.73,1052.59,0.0,89.23000000000002,0.0,0.0,0.0,0.0,0.0,0.0,0.0,0.0,0.0,0.0,0.0,0.0,0.0,0.0,0.0,0.0,0.0,0.0,0.0,0.0
329,2018-03,2018,Mar2018,Kesoram Inds.,Kesoram Industries Ltd,502937,INE087A01019,A,Small Cap,Y,Y,6716.99,00000011,Cement,00000018,Cement - North India,Company,KESORAMIND,Active,Active,KESORAMIND,Y,Consistently loss making Company,S,Mar2018,00000011,00000018,0.0,3587.11,228.46,3767.86,0.0,0.0,295.71,421.24,323.41,3683.9,128.23,-465.51,0.0,0.0,-2.0,-75.23,-388.28,-7.67,11.99,-0.62,-458.57,0.0,0.0,0.0,0.0,10.6,0.0,2292.56,-47.71,0.0,0.0,-463.51,0.0,0.0,39.94283672740265,50.31,3693.97,0.0,0.0,-337.28,0.0,0.0,0.0,0.0,0.0,0.0,0.0,0.0,0.0,0.0,0.0,3704.57,117.46,-47.71,1172.75,675.28,121.12,1095.63,0.0,83.96000000000004,0.0,0.0,0.0,0.0,0.0,0.0,0.0,0.0,0.0,0.0,0.0,0.0,0.0,0.0,0.0,0.0,0.0,0.0,0.0,0.0
329,2018-03,2018,Mar2018,Kesoram Inds.,Kesoram Industries Ltd,502937,INE087A01019,A,Small Cap,Y,Y,6716.99,00000011,Cement,00000018,Cement - North India,Company,KESORAMIND,Active,Active,KESORAMIND,Y,Consistently loss making Company,C,Mar2018,00000011,00000018,0.0,3873.17,159.49,4006.4600000000005,0.0,0.0,279.51,443.05,411.27,3996.87,146.1,-579.56,0.0,0.0,-2.0,-80.39,-497.16999999999996,-7.16,-78.13,-0.62,-662.23,0.0,0.0,0.0,0.0,10.67,0.0,2584.46,-26.2,0.0,0.0,-577.56,0.0,0.0,25.707593981977695,32.38,3985.14,0.0,0.0,-433.46,0.0,0.0,0.0,0.0,0.0,-577.56,0.0,0.0,0.0,0.0,0.0,3995.81,122.64,-26.2,1290.95,727.98,154.26,1132.9,0.0,9.590000000000032,0.0,0.0,0.0,0.0,0.0,0.0,0.0,0.0,0.0,0.0,0.0,0.0,0.0,0.0,0.0,0.0,0.0,0.0,0.0,0.0
329,2017-03,2017,Mar2017,Kesoram Inds.,Kesoram Industries Ltd,502937,INE087A01019,A,Small Cap,Y,Y,6716.99,00000011,Cement,00000018,Cement - North India,Company,KESORAMIND,Active,Active,KESORAMIND,Y,Consistently loss making Company,S,Mar2017,00000011,00000018,0.0,3676.5,227.37,3786.75,0.0,0.0,174.72,282.1,313.21,3535.71,123.05,-154.10999999999999,2.33,0.0,-1.57,119.52,-274.39,-0.04,165.87,-1.03,11.99,0.0,0.0,0.0,0.0,23.45,0.0,2262.05,-117.12,0.0,0.0,-154.87,0.0,0.0,57.29485092699194,72.16,4113.97,0.0,0.0,-31.06,0.0,0.0,0.0,0.0,0.0,0.0,0.0,0.0,0.0,0.0,0.0,4137.42,460.92,-117.12,1213.9,613.23,121.71,1098.94,0.0,251.04000000000002,0.0,0.0,0.0,0.0,0.0,0.0,0.0,0.0,0.0,0.0,0.0,0.0,0.0,0.0,0.0,0.0,0.0,0.0,0.0,0.0
329,2017-03,2017,Mar2017,Kesoram Inds.,Kesoram Industries Ltd,502937,INE087A01019,A,Small Cap,Y,Y,6716.99,00000011,Cement,00000018,Cement - North India,Company,KESORAMIND,Active,Active,KESORAMIND,Y,Consistently loss making Company,C,Mar2017,00000011,00000018,0.0,3841.6300000000006,184.01,3899.7900000000004,0.0,0.0,151.26,283.47,377.22,3730.06,136.22,-249.95999999999998,2.33,0.0,-10.2,108.62,-350.71000000000004,-2.94,165.87,-1.03,-78.13,0.0,0.0,0.0,0.0,23.49,0.0,2431.91,-125.85,0.0,0.0,-242.09,0.0,0.0,54.00770177458414,68.02,4302.32,0.0,0.0,-113.74,0.0,0.0,0.0,0.0,0.0,-242.09,0.0,0.0,0.0,0.0,0.0,4325.81,484.18,-125.85,1270.1,642.71,141.88,1146.89,0.0,169.73000000000002,0.0,0.0,0.0,0.0,0.0,0.0,0.0,0.0,0.0,0.0,0.0,0.0,0.0,0.0,0.0,0.0,0.0,0.0,0.0,0.0
329,2016-03,2016,Mar2016,Kesoram Inds.,Kesoram Industries Ltd,502937,INE087A01019,A,Small Cap,Y,Y,6716.99,00000011,Cement,00000018,Cement - North India,Company,KESORAMIND,Active,Active,KESORAMIND,Y,Consistently loss making Company,S,Mar2016,00000011,00000018,0.0,4100.29,1219.54,5246.07,0.0,0.0,279.01,677.53,292.58,4309.110000000001,122.31,137.12,0.0,0.0,0.0,750.05,-612.93,0.0,-588.35,0.0,-451.23,0.0,0.0,0.0,0.0,11.78,0.0,2877.36,-73.76,0.0,0.0,137.12,11.69,9.28138720613572,26.772316218211845,33.72,4542.45,0.0,0.0,259.43,0.0,0.0,0.0,0.0,0.0,0.0,0.0,0.0,0.0,0.0,0.0,4554.23,453.94,-73.76,1442.5,681.07,461.21,1152.74,0.0,936.96,0.0,0.0,0.0,0.0,0.0,0.0,0.0,0.0,0.0,0.0,0.0,0.0,0.0,0.0,0.0,0.0,0.0,0.0,0.0,0.0
329,2015-03,2015,Mar2015,Kesoram Inds.,Kesoram Industries Ltd,502937,INE087A01019,A,Small Cap,Y,Y,6716.99,00000011,Cement,00000018,Cement - North India,Company,KESORAMIND,Active,Active,KESORAMIND,Y,Consistently loss making Company,S,Mar2015,00000011,00000018,0.0,4617.55,474.02,5046.580000000001,0.0,0.0,237.69,680.53,387.93,4458.85,273.88,-366.68,0.0,0.0,0.0,405.55,-772.23,0.0,-221.67,0.0,-588.35,0.0,0.0,0.0,0.0,12.47,0.0,3177.96,-44.99,0.0,0.0,-366.68,0.0,0.0,6.145734907615472,7.74,4950.53,0.0,0.0,-92.8,0.0,0.0,0.0,0.0,0.0,0.0,0.0,0.0,0.0,0.0,0.0,4963.0,345.45,-44.99,1941.48,722.19,126.36,1043.2,0.0,587.73,0.0,0.0,0.0,0.0,0.0,0.0,0.0,0.0,0.0,0.0,0.0,0.0,0.0,0.0,0.0,0.0,0.0,0.0,0.0,0.0
329,2014-03,2014,Mar2014,Kesoram Inds.,Kesoram Industries Ltd,502937,INE087A01019,A,Small Cap,Y,Y,6716.99,00000011,Cement,00000018,Cement - North India,Company,KESORAMIND,Active,Active,KESORAMIND,Y,Consistently loss making Company,S,Mar2014,00000011,00000018,0.0,5080.91,124.54,5248.13,0.0,0.0,213.23,572.83,412.12,4837.5,318.1,-480.3,35.25,0.0,0.0,4.02,-519.5699999999999,-0.13,293.88,0.0,-221.8,0.0,0.0,0.0,0.0,17.95,0.0,3851.7899999999995,42.68,0.0,0.0,-515.55,0.0,0.0,33.86950791558822,42.66,5416.02,0.0,0.0,-162.2,0.0,0.0,0.0,0.0,0.0,0.0,0.0,0.0,0.0,0.0,0.0,5433.97,353.06,42.68,2472.89,793.47,173.31,772.48,0.0,410.63000000000005,0.0,0.0,0.0,0.0,0.0,0.0,0.0,0.0,0.0,0.0,0.0,0.0,0.0,0.0,0.0,0.0,0.0,0.0,0.0,0.0
329,2013-03,2013,Mar2013,Kesoram Inds.,Kesoram Industries Ltd,502937,INE087A01019,A,Small Cap,Y,Y,6716.99,00000011,Cement,00000018,Cement - North India,Company,KESORAMIND,Active,Active,KESORAMIND,Y,Consistently loss making Company,S,Mar2013,00000011,00000018,0.0,5710.82,131.04,5897.82,0.0,0.0,229.89,514.36,384.05,5454.719999999999,305.93,-377.19,9.25,0.0,-57.21,-0.06,-329.17,0.0,628.46,5.35,293.88,4.57,0.0,10.0,1.0,23.06,0.0,4363.93,55.96,0.0,0.0,-329.23,0.0,0.0,79.25084703224996,126.31,6059.64,0.0,0.0,-71.26,0.0,0.0,0.0,0.0,0.0,0.0,0.0,0.0,0.0,0.0,0.0,6082.7,371.88,55.96,2933.1,855.9,190.88,860.9,0.0,443.1,0.0,0.0,0.0,0.0,0.0,0.0,0.0,0.0,0.0,0.0,0.0,0.0,0.0,0.0,0.0,0.0,0.0,0.0,0.0,0.0
329,2012-03,2012,Mar2012,Kesoram Inds.,Kesoram Industries Ltd,502937,INE087A01019,A,Small Cap,Y,Y,6716.99,00000011,Cement,00000018,Cement - North India,Company,KESORAMIND,Active,Active,KESORAMIND,Y,Consistently loss making Company,S,Mar2012,00000011,00000018,0.0,5920.860000000001,95.22,5890.9400000000005,0.0,0.0,261.41,410.15,334.68,5893.639999999999,297.4,-710.25,-1.3,0.0,-329.21,11.26,-391.0,0.0,948.51,-59.69,628.46,4.57,0.0,10.0,1.0,17.48,0.0,4740.4400000000005,-125.14,0.0,0.0,-379.74,0.0,0.0,125.1395947048121,199.46,6265.12,0.0,0.0,-412.85,0.0,0.0,0.0,0.0,0.0,0.0,0.0,0.0,0.0,0.0,0.0,6282.6,361.74,-125.14,3476.21,761.5,168.05,891.79,0.0,-2.7000000000000455,0.0,0.0,0.0,0.0,0.0,0.0,0.0,0.0,0.0,0.0,0.0,0.0,0.0,0.0,0.0,0.0,0.0,0.0,0.0,0.0
329,2011-03,2011,Mar2011,Kesoram Inds.,Kesoram Industries Ltd,502937,INE087A01019,A,Small Cap,Y,Y,6716.99,00000011,Cement,00000018,Cement - North India,Company,KESORAMIND,Active,Active,KESORAMIND,Y,Consistently loss making Company,S,Mar2011,00000021,00000107,0.0,5438.43,121.06,5723.620000000001,0.0,0.0,153.77,263.57,273.55,5339.82,272.58,-152.34999999999997,-0.12,0.0,57.98,5.59,-215.8,0.0,1126.75,-31.97,948.51,25.16,0.0,55.0,5.5,40.55,0.0,4304.389999999999,164.13,0.0,0.0,-210.21,0.0,0.0,208.00668812930383,283.64,5750.72,0.0,0.0,120.23,0.0,0.0,0.0,0.0,0.0,0.0,0.0,0.0,0.0,0.0,0.0,5791.27,352.84,164.13,3157.45,689.29,184.1,881.66,0.0,383.8,0.0,0.0,0.0,0.0,0.0,0.0,0.0,0.0,0.0,0.0,0.0,0.0,0.0,0.0,0.0,0.0,0.0,0.0,0.0,0.0
329,2009-03,2009,Mar2009,Kesoram Inds.,Kesoram Industries Ltd,502937,INE087A01019,A,Small Cap,Y,Y,6716.99,00000011,Cement,00000018,Cement - North India,Company,KESORAMIND,Active,Active,KESORAMIND,Y,Consistently loss making Company,C,Mar2009,00000011,00000018,0.0,3881.5299999999997,75.94,4045.4299999999994,0.0,0.0,164.79,120.87,186.7,3403.6,111.86,409.1,45.0,0.0,-16.63,2.94,375.79,0.0,764.52,99.22,1044.03,25.16,0.0,0.0,5.5,0.0,0.0,2712.0099999999998,87.96,0.0,0.0,378.73,0.0,0.0,181.88035260532672,289.89,4292.07,0.0,0.0,520.96,0.0,0.0,2.0,0.0,0.0,378.73,55.0,81.86,51.35991467202058,81.86,51.35991467202058,4292.07,410.54,87.96,1741.48,60.8,723.03,526.8,0.0,641.83,0.0,0.0,0.0,0.0,0.0,0.0,0.0,0.0,0.0,0.0,0.0,0.0,0.0,0.0,0.0,0.0,0.0,0.0,0.0,0.0
329,2003-03,2003,Mar2003,Kesoram Inds.,Kesoram Industries Ltd,502937,INE087A01019,A,Small Cap,Y,Y,6716.99,00000011,Cement,00000018,Cement - North India,Company,KESORAMIND,Active,Active,KESORAMIND,Y,Consistently loss making Company,C,Mar2003,00000011,00000018,0.0,1150.5600000000002,30.66,1189.8600000000004,0.0,0.0,54.32,46.15,108.79,1056.16,54.11,33.44,4.34,0.0,0.0,-0.17,29.270000000000003,0.36,124.26,5.23,148.49,10.36,0.0,0.0,0.0,1.5,0.0,806.4499999999999,8.64,0.0,0.0,29.1,0.0,0.0,44.644257738233435,71.15,1401.16,0.0,0.0,87.55,0.0,0.0,0.0,0.0,0.0,29.1,20.0,6.34,3.978139059176387,6.34,3.978139059176387,1402.66,252.1,8.64,462.16,171.08,64.42,195.39,0.0,133.7,0.0,0.0,0.0,0.0,0.0,0.0,0.0,0.0,0.0,0.0,0.0,0.0,0.0,0.0,0.0,0.0,0.0,0.0,0.0,0.0
329,2002-03,2002,Mar2002,Kesoram Inds.,Kesoram Industries Ltd,502937,INE087A01019,A,Small Cap,Y,Y,6716.99,00000011,Cement,00000018,Cement - North India,Company,KESORAMIND,Active,Active,KESORAMIND,Y,Consistently loss making Company,C,Mar2002,00000011,00000018,0.0,1127.04,25.68,1118.97,0.0,0.0,55.48,68.87,95.98,969.98,33.05,47.07000000000001,4.08,0.0,0.0,4.5,38.49,0.0,103.22,21.97,124.24,9.63,0.0,0.0,0.0,3.03,0.0,721.45,-33.75,0.0,0.0,42.99,0.0,0.0,42.16345791812043,67.19,1353.75,0.0,0.0,80.12,0.0,0.0,0.0,0.0,0.0,42.99,20.0,8.93,5.603805316398503,8.93,5.603805316398503,1356.78,229.74,-33.75,424.38,146.32,54.77,193.05,0.0,148.99,0.0,0.0,0.0,0.0,0.0,0.0,0.0,0.0,0.0,0.0,0.0,0.0,0.0,0.0,0.0,0.0,0.0,0.0,0.0,0.0
381,2024-06,2024,Jun2024,Milkfood,Milkfood Ltd,507621,INE588G01021,XT,Small Cap,Y,N,341.29,00000027,FMCG,00000053,Food - Processing - Indian,Company,MLKFOOD,Active,Not Listed,,Y,Nutral,0,Jun2024,0,0,0.0,0.0,0.0,0.0,0.0,0.0,0.0,0.0,0.0,0.0,0.0,0.0,0.0,0.0,0.0,0.0,0.0,0.0,0.0,0.0,0.0,0.0,0.0,0.0,0.0,0.0,0.0,0.0,0.0,0.0,0.0,0.0,0.0,0.0,0.0,0.0,0.0,0.0,0.0,0.0,0.0,0.0,0.0,0.0,0.0,0.0,0.0,0.0,0.0,0.0,0.0,0.0,0.0,0.0,0.0,0.0,0.0,0.0,0.0,0.0,3415024.0,56.0341,0.0,0.0,0.0,0.0,400.0,0.0066,163000.0,2.6745,1588757.0,0.0,0.0,0.0,2600.0,0.0427,924764.0,41.2421,4505788.0,56.0407
381,2024-03,2024,Mar2024,Milkfood,Milkfood Ltd,507621,INE588G01021,XT,Small Cap,Y,N,341.29,00000027,FMCG,00000053,Food - Processing - Indian,Company,MLKFOOD,Active,Not Listed,,Y,Nutral,S,Mar2024,00000027,00000053,0.0,436.93,9.39,415.42,0.0,0.0,6.23,13.53,25.61,386.34999999999997,6.72,8.82,-0.5,0.0,2.2,1.02,6.1,-0.17,118.94,1.28,124.61,0.0,0.0,25.0,2.5,21.29,0.0,369.38,-30.9,0.17,0.0,7.12,13.88,3.4701301298798706,84.78817955673338,339.14,415.64,0.0,0.0,15.54,0.0,0.0,0.0,0.0,0.0,0.0,0.0,0.0,0.0,0.0,0.0,436.93,0.0,-30.9,318.02,11.74,14.01,10.74,0.0,29.07,2448334.0,47.7458,0.0,0.0,0.0,0.0,400.0,0.0078,373300.0,7.2798,1577161.0,0.0,0.0,0.0,2600.0,0.0507,726060.0,44.9159,3550694.0,47.753600000000006
381,2024-03,2024,Mar2024,Milkfood,Milkfood Ltd,507621,INE588G01021,XT,Small Cap,Y,N,341.29,00000027,FMCG,00000053,Food - Processing - Indian,Company,MLKFOOD,Active,Not Listed,,Y,Nutral,C,Mar2024,00000027,00000053,0.0,436.93,9.39,415.42,0.0,0.0,6.23,13.53,25.61,386.34999999999997,6.72,8.82,-0.5,0.0,2.2,1.02,6.1,-0.17,118.91,1.27,124.59,0.0,0.0,0.0,2.5,21.29,0.0,369.38,-30.9,0.17,0.0,7.12,0.0,0.0,84.77817918171932,339.1,415.64,0.0,0.0,15.54,0.0,0.0,0.0,0.0,0.0,7.12,25.0,13.88,3.4701301298798706,13.88,3.4701301298798706,436.93,0.0,-30.9,318.02,11.74,14.01,10.74,0.0,29.07,2448334.0,47.7458,0.0,0.0,0.0,0.0,400.0,0.0078,373300.0,7.2798,1577161.0,0.0,0.0,0.0,2600.0,0.0507,726060.0,44.9159,3550694.0,47.753600000000006
381,2023-12,2023,Dec2023,Milkfood,Milkfood Ltd,507621,INE588G01021,XT,Small Cap,Y,N,341.29,00000027,FMCG,00000053,Food - Processing - Indian,Company,MLKFOOD,Active,Not Listed,,Y,Nutral,0,Dec2023,0,0,0.0,0.0,0.0,0.0,0.0,0.0,0.0,0.0,0.0,0.0,0.0,0.0,0.0,0.0,0.0,0.0,0.0,0.0,0.0,0.0,0.0,0.0,0.0,0.0,0.0,0.0,0.0,0.0,0.0,0.0,0.0,0.0,0.0,0.0,0.0,0.0,0.0,0.0,0.0,0.0,0.0,0.0,0.0,0.0,0.0,0.0,0.0,0.0,0.0,0.0,0.0,0.0,0.0,0.0,0.0,0.0,0.0,0.0,0.0,0.0,2448334.0,47.7458,0.0,0.0,0.0,0.0,0.0,0.0,373300.0,7.2798,1580172.0,0.0,400.0,0.0078,2600.0,0.0507,723049.0,44.9159,3547683.0,47.753600000000006
381,2023-09,2023,Sep2023,Milkfood,Milkfood Ltd,507621,INE588G01021,XT,Small Cap,Y,N,341.29,00000027,FMCG,00000053,Food - Processing - Indian,Company,MLKFOOD,Active,Not Listed,,Y,Nutral,0,Sep2023,0,0,0.0,0.0,0.0,0.0,0.0,0.0,0.0,0.0,0.0,0.0,0.0,0.0,0.0,0.0,0.0,0.0,0.0,0.0,0.0,0.0,0.0,0.0,0.0,0.0,0.0,0.0,0.0,0.0,0.0,0.0,0.0,0.0,0.0,0.0,0.0,0.0,0.0,0.0,0.0,0.0,0.0,0.0,0.0,0.0,0.0,0.0,0.0,0.0,0.0,0.0,0.0,0.0,0.0,0.0,0.0,0.0,0.0,0.0,0.0,0.0,2448334.0,50.1312,0.0,0.0,0.0,0.0,400.0,0.0082,373300.0,7.6436,1401273.0,0.0,0.0,0.0,2600.0,0.0532,657948.0,42.1638,3482582.0,50.1394
381,2023-06,2023,Jun2023,Milkfood,Milkfood Ltd,507621,INE588G01021,XT,Small Cap,Y,N,341.29,00000027,FMCG,00000053,Food - Processing - Indian,Company,MLKFOOD,Active,Not Listed,,Y,Nutral,0,Jun2023,0,0,0.0,0.0,0.0,0.0,0.0,0.0,0.0,0.0,0.0,0.0,0.0,0.0,0.0,0.0,0.0,0.0,0.0,0.0,0.0,0.0,0.0,0.0,0.0,0.0,0.0,0.0,0.0,0.0,0.0,0.0,0.0,0.0,0.0,0.0,0.0,0.0,0.0,0.0,0.0,0.0,0.0,0.0,0.0,0.0,0.0,0.0,0.0,0.0,0.0,0.0,0.0,0.0,0.0,0.0,0.0,0.0,0.0,0.0,0.0,0.0,2448334.0,50.1047,0.0,0.0,0.0,0.0,400.0,0.0082,373300.0,7.6395,1449710.0,0.0,0.0,0.0,2600.0,0.0532,612096.0,42.1944,3436730.0,50.1129
381,2023-03,2023,Mar2023,Milkfood,Milkfood Ltd,507621,INE588G01021,XT,Small Cap,Y,N,341.29,00000027,FMCG,00000053,Food - Processing - Indian,Company,MLKFOOD,Active,Not Listed,,Y,Nutral,S,Mar2023,00000027,00000053,0.0,467.4,3.83,514.9699999999999,0.0,0.0,3.69,9.78,25.26,487.34,6.36,11.490000000000002,2.75,0.0,-1.01,0.28,9.47,-0.67,111.09,1.23,118.94,0.0,0.0,25.0,2.5,22.45,0.0,472.05999999999995,43.74,0.32,0.0,9.75,19.94,4.985,68.0275,272.11,444.95,0.0,0.0,17.85,0.0,0.0,0.0,0.0,0.0,0.0,0.0,0.0,0.0,0.0,0.0,467.4,0.0,43.74,416.27,13.94,16.59,11.59,0.0,27.630000000000003,2448334.0,50.1047,0.0,0.0,0.0,0.0,400.0,0.0082,373300.0,7.6395,1446548.0,0.0,0.0,0.0,2600.0,0.0532,615258.0,42.1944,3439892.0,50.1129
381,2023-03,2023,Mar2023,Milkfood,Milkfood Ltd,507621,INE588G01021,XT,Small Cap,Y,N,341.29,00000027,FMCG,00000053,Food - Processing - Indian,Company,MLKFOOD,Active,Not Listed,,Y,Nutral,C,Mar2023,00000027,00000053,0.0,467.4,3.83,514.9699999999999,0.0,0.0,3.69,9.78,25.26,487.34,6.36,11.490000000000002,2.75,0.0,-1.01,0.28,9.47,-0.67,111.07,1.24,118.91,0.0,0.0,0.0,2.5,22.45,0.0,472.05999999999995,43.74,0.32,0.0,9.75,0.0,0.0,68.01,272.04,444.95,0.0,0.0,17.85,0.0,0.0,0.0,0.0,0.0,9.75,25.0,19.94,4.985,19.94,4.985,467.4,0.0,43.74,416.27,13.94,16.59,11.59,0.0,27.630000000000003,2448334.0,50.1047,0.0,0.0,0.0,0.0,400.0,0.0082,373300.0,7.6395,1446548.0,0.0,0.0,0.0,2600.0,0.0532,615258.0,42.1944,3439892.0,50.1129
381,2022-12,2022,Dec2022,Milkfood,Milkfood Ltd,507621,INE588G01021,XT,Small Cap,Y,N,341.29,00000027,FMCG,00000053,Food - Processing - Indian,Company,MLKFOOD,Active,Not Listed,,Y,Nutral,0,Dec2022,0,0,0.0,0.0,0.0,0.0,0.0,0.0,0.0,0.0,0.0,0.0,0.0,0.0,0.0,0.0,0.0,0.0,0.0,0.0,0.0,0.0,0.0,0.0,0.0,0.0,0.0,0.0,0.0,0.0,0.0,0.0,0.0,0.0,0.0,0.0,0.0,0.0,0.0,0.0,0.0,0.0,0.0,0.0,0.0,0.0,0.0,0.0,0.0,0.0,0.0,0.0,0.0,0.0,0.0,0.0,0.0,0.0,0.0,0.0,0.0,0.0,2448334.0,50.1047,0.0,0.0,0.0,0.0,400.0,0.0082,373300.0,7.6395,1439730.0,0.0,0.0,0.0,2600.0,0.0532,622076.0,42.1944,3446710.0,50.1129
381,2022-09,2022,Sep2022,Milkfood,Milkfood Ltd,507621,INE588G01021,XT,Small Cap,Y,N,341.29,00000027,FMCG,00000053,Food - Processing - Indian,Company,MLKFOOD,Active,Not Listed,,Y,Nutral,0,Sep2022,0,0,0.0,0.0,0.0,0.0,0.0,0.0,0.0,0.0,0.0,0.0,0.0,0.0,0.0,0.0,0.0,0.0,0.0,0.0,0.0,0.0,0.0,0.0,0.0,0.0,0.0,0.0,0.0,0.0,0.0,0.0,0.0,0.0,0.0,0.0,0.0,0.0,0.0,0.0,0.0,0.0,0.0,0.0,0.0,0.0,0.0,0.0,0.0,0.0,0.0,0.0,0.0,0.0,0.0,0.0,0.0,0.0,0.0,0.0,0.0,0.0,3119195.0,63.8337,0.0,0.0,0.0,0.0,400.0,0.0082,373300.0,7.6395,723043.0,0.0,0.0,0.0,2600.0,0.0532,667902.0,28.4654,4163397.0,63.8419
381,2022-06,2022,Jun2022,Milkfood,Milkfood Ltd,507621,INE588G01021,XT,Small Cap,Y,N,341.29,00000027,FMCG,00000053,Food - Processing - Indian,Company,MLKFOOD,Active,Not Listed,,Y,Nutral,0,Jun2022,0,0,0.0,0.0,0.0,0.0,0.0,0.0,0.0,0.0,0.0,0.0,0.0,0.0,0.0,0.0,0.0,0.0,0.0,0.0,0.0,0.0,0.0,0.0,0.0,0.0,0.0,0.0,0.0,0.0,0.0,0.0,0.0,0.0,0.0,0.0,0.0,0.0,0.0,0.0,0.0,0.0,0.0,0.0,0.0,0.0,0.0,0.0,0.0,0.0,0.0,0.0,0.0,0.0,0.0,0.0,0.0,0.0,0.0,0.0,0.0,0.0,3119195.0,63.8337,0.0,0.0,0.0,0.0,400.0,0.0082,373300.0,7.6395,1390945.0,0.0,0.0,0.0,2600.0,0.0532,0.0,28.4654,3495495.0,63.8419
381,2022-03,2022,Mar2022,Milkfood,Milkfood Ltd,507621,INE588G01021,XT,Small Cap,Y,N,341.29,00000027,FMCG,00000053,Food - Processing - Indian,Company,MLKFOOD,Active,Not Listed,,Y,Nutral,C,Mar2022,00000027,00000053,0.0,316.2,3.15,304.90999999999997,0.0,0.0,2.49,7.32,22.73,288.74,6.54,2.3099999999999996,0.03,0.0,-1.21,0.02,3.47,0.15,107.43,0.0,111.07,0.0,0.0,0.0,0.0,10.63,0.0,276.7,-14.44,0.16,0.0,3.49,0.0,0.0,62.71,250.84,305.57,0.0,0.0,8.85,0.0,0.0,0.0,0.0,0.0,3.49,0.0,7.14,1.785,7.14,1.785,316.2,0.0,-14.44,235.75,6.95,11.27,9.55,0.0,16.17,3119195.0,63.8337,0.0,0.0,0.0,0.0,400.0,0.0082,373300.0,7.6395,1390945.0,0.0,0.0,0.0,2600.0,0.0532,0.0,28.4654,3495495.0,63.8419
381,2022-03,2022,Mar2022,Milkfood,Milkfood Ltd,507621,INE588G01021,XT,Small Cap,Y,N,341.29,00000027,FMCG,00000053,Food - Processing - Indian,Company,MLKFOOD,Active,Not Listed,,Y,Nutral,S,Mar2022,00000027,00000053,0.0,316.2,3.15,304.90999999999997,0.0,0.0,2.49,7.32,22.73,288.74,6.54,2.3099999999999996,0.03,0.0,-1.21,0.02,3.47,0.15,107.45,0.0,111.09,0.0,0.0,0.0,0.0,10.63,0.0,276.7,-14.44,0.16,0.0,3.49,7.14,1.785,62.72,250.88,305.57,0.0,0.0,8.85,0.0,0.0,0.0,0.0,0.0,0.0,0.0,0.0,0.0,0.0,0.0,316.2,0.0,-14.44,235.75,6.95,11.27,9.55,0.0,16.17,3119195.0,63.8337,0.0,0.0,0.0,0.0,400.0,0.0082,373300.0,7.6395,1390945.0,0.0,0.0,0.0,2600.0,0.0532,0.0,28.4654,3495495.0,63.8419
381,2021-12,2021,Dec2021,Milkfood,Milkfood Ltd,507621,INE588G01021,XT,Small Cap,Y,N,341.29,00000027,FMCG,00000053,Food - Processing - Indian,Company,MLKFOOD,Active,Not Listed,,Y,Nutral,0,Dec2021,0,0,0.0,0.0,0.0,0.0,0.0,0.0,0.0,0.0,0.0,0.0,0.0,0.0,0.0,0.0,0.0,0.0,0.0,0.0,0.0,0.0,0.0,0.0,0.0,0.0,0.0,0.0,0.0,0.0,0.0,0.0,0.0,0.0,0.0,0.0,0.0,0.0,0.0,0.0,0.0,0.0,0.0,0.0,0.0,0.0,0.0,0.0,0.0,0.0,0.0,0.0,0.0,0.0,0.0,0.0,0.0,0.0,0.0,0.0,0.0,0.0,3119195.0,63.8337,0.0,0.0,0.0,0.0,400.0,0.0082,373300.0,7.6395,1390945.0,0.0,0.0,0.0,2600.0,0.0532,0.0,28.4654,3495495.0,63.8419
381,2021-09,2021,Sep2021,Milkfood,Milkfood Ltd,507621,INE588G01021,XT,Small Cap,Y,N,341.29,00000027,FMCG,00000053,Food - Processing - Indian,Company,MLKFOOD,Active,Not Listed,,Y,Nutral,0,Sep2021,0,0,0.0,0.0,0.0,0.0,0.0,0.0,0.0,0.0,0.0,0.0,0.0,0.0,0.0,0.0,0.0,0.0,0.0,0.0,0.0,0.0,0.0,0.0,0.0,0.0,0.0,0.0,0.0,0.0,0.0,0.0,0.0,0.0,0.0,0.0,0.0,0.0,0.0,0.0,0.0,0.0,0.0,0.0,0.0,0.0,0.0,0.0,0.0,0.0,0.0,0.0,0.0,0.0,0.0,0.0,0.0,0.0,0.0,0.0,0.0,0.0,3119195.0,63.8337,0.0,0.0,0.0,0.0,400.0,0.0082,373300.0,7.6395,1390945.0,0.0,0.0,0.0,2600.0,0.0532,0.0,28.4654,3495495.0,63.8419
381,2021-06,2021,Jun2021,Milkfood,Milkfood Ltd,507621,INE588G01021,XT,Small Cap,Y,N,341.29,00000027,FMCG,00000053,Food - Processing - Indian,Company,MLKFOOD,Active,Not Listed,,Y,Nutral,0,Jun2021,0,0,0.0,0.0,0.0,0.0,0.0,0.0,0.0,0.0,0.0,0.0,0.0,0.0,0.0,0.0,0.0,0.0,0.0,0.0,0.0,0.0,0.0,0.0,0.0,0.0,0.0,0.0,0.0,0.0,0.0,0.0,0.0,0.0,0.0,0.0,0.0,0.0,0.0,0.0,0.0,0.0,0.0,0.0,0.0,0.0,0.0,0.0,0.0,0.0,0.0,0.0,0.0,0.0,0.0,0.0,0.0,0.0,0.0,0.0,0.0,0.0,3119195.0,63.8337,0.0,0.0,0.0,0.0,400.0,0.0082,373300.0,7.6395,1390945.0,0.0,0.0,0.0,2600.0,0.0532,0.0,28.4654,3495495.0,63.8419
381,2021-03,2021,Mar2021,Milkfood,Milkfood Ltd,507621,INE588G01021,XT,Small Cap,Y,N,341.29,00000027,FMCG,00000053,Food - Processing - Indian,Company,MLKFOOD,Active,Not Listed,,Y,Nutral,C,Mar2021,00000027,00000053,0.0,367.91,0.39,343.62,0.0,0.0,2.38,8.21,21.31,323.4,8.75,3.26,0.1,0.0,0.72,0.01,2.43,-0.09,105.08,0.0,107.43,0.0,0.0,0.0,0.0,7.12,0.0,312.5,-24.68,0.31,0.0,2.44,0.0,0.0,60.851303206450396,243.39,360.79,0.0,0.0,12.01,0.0,0.0,0.0,0.0,0.0,2.44,0.0,4.99,1.2475779736233514,4.99,1.2475779736233514,367.91,0.0,-24.68,274.57,5.33,11.29,8.52,0.0,20.22,3119195.0,63.8337,0.0,0.0,0.0,0.0,400.0,0.0082,373422.0,7.642,1390823.0,0.0,0.0,0.0,2600.0,0.0532,0.0,28.4629,3495617.0,63.8419
381,2021-03,2021,Mar2021,Milkfood,Milkfood Ltd,507621,INE588G01021,XT,Small Cap,Y,N,341.29,00000027,FMCG,00000053,Food - Processing - Indian,Company,MLKFOOD,Active,Not Listed,,Y,Nutral,S,Mar2021,00000027,00000053,0.0,367.91,0.39,343.62,0.0,0.0,2.38,8.21,21.31,323.4,8.75,3.26,0.1,0.0,0.72,0.01,2.43,-0.09,105.1,0.0,107.45,0.0,0.0,0.0,0.0,7.12,0.0,312.5,-24.68,0.31,0.0,2.44,4.99,1.2475779736233514,60.86380398774923,243.44,360.79,0.0,0.0,12.01,0.0,0.0,0.0,0.0,0.0,0.0,0.0,0.0,0.0,0.0,0.0,367.91,0.0,-24.68,274.57,5.33,11.29,8.52,0.0,20.22,3119195.0,63.8337,0.0,0.0,0.0,0.0,400.0,0.0082,373422.0,7.642,1390823.0,0.0,0.0,0.0,2600.0,0.0532,0.0,28.4629,3495617.0,63.8419
381,2020-12,2020,Dec2020,Milkfood,Milkfood Ltd,507621,INE588G01021,XT,Small Cap,Y,N,341.29,00000027,FMCG,00000053,Food - Processing - Indian,Company,MLKFOOD,Active,Not Listed,,Y,Nutral,0,Dec2020,0,0,0.0,0.0,0.0,0.0,0.0,0.0,0.0,0.0,0.0,0.0,0.0,0.0,0.0,0.0,0.0,0.0,0.0,0.0,0.0,0.0,0.0,0.0,0.0,0.0,0.0,0.0,0.0,0.0,0.0,0.0,0.0,0.0,0.0,0.0,0.0,0.0,0.0,0.0,0.0,0.0,0.0,0.0,0.0,0.0,0.0,0.0,0.0,0.0,0.0,0.0,0.0,0.0,0.0,0.0,0.0,0.0,0.0,0.0,0.0,0.0,3119195.0,63.8337,0.0,0.0,0.0,0.0,400.0,0.0082,375588.0,7.6863,1388657.0,0.0,0.0,0.0,2600.0,0.0532,0.0,28.4186,3497783.0,63.8419
381,2020-09,2020,Sep2020,Milkfood,Milkfood Ltd,507621,INE588G01021,XT,Small Cap,Y,N,341.29,00000027,FMCG,00000053,Food - Processing - Indian,Company,MLKFOOD,Active,Not Listed,,Y,Nutral,0,Sep2020,0,0,0.0,0.0,0.0,0.0,0.0,0.0,0.0,0.0,0.0,0.0,0.0,0.0,0.0,0.0,0.0,0.0,0.0,0.0,0.0,0.0,0.0,0.0,0.0,0.0,0.0,0.0,0.0,0.0,0.0,0.0,0.0,0.0,0.0,0.0,0.0,0.0,0.0,0.0,0.0,0.0,0.0,0.0,0.0,0.0,0.0,0.0,0.0,0.0,0.0,0.0,0.0,0.0,0.0,0.0,0.0,0.0,0.0,0.0,0.0,0.0,3119195.0,63.8337,0.0,0.0,0.0,0.0,400.0,0.0082,375588.0,7.6863,1388657.0,0.0,0.0,0.0,2600.0,0.0532,0.0,28.4186,3497783.0,63.8419
381,2020-06,2020,Jun2020,Milkfood,Milkfood Ltd,507621,INE588G01021,XT,Small Cap,Y,N,341.29,00000027,FMCG,00000053,Food - Processing - Indian,Company,MLKFOOD,Active,Not Listed,,Y,Nutral,0,Jun2020,0,0,0.0,0.0,0.0,0.0,0.0,0.0,0.0,0.0,0.0,0.0,0.0,0.0,0.0,0.0,0.0,0.0,0.0,0.0,0.0,0.0,0.0,0.0,0.0,0.0,0.0,0.0,0.0,0.0,0.0,0.0,0.0,0.0,0.0,0.0,0.0,0.0,0.0,0.0,0.0,0.0,0.0,0.0,0.0,0.0,0.0,0.0,0.0,0.0,0.0,0.0,0.0,0.0,0.0,0.0,0.0,0.0,0.0,0.0,0.0,0.0,3119195.0,63.8337,0.0,0.0,0.0,0.0,400.0,0.0082,375588.0,7.6863,1388657.0,0.0,0.0,0.0,2600.0,0.0532,0.0,28.4186,3497783.0,63.8419
381,2020-03,2020,Mar2020,Milkfood,Milkfood Ltd,507621,INE588G01021,XT,Small Cap,Y,N,341.29,00000027,FMCG,00000053,Food - Processing - Indian,Company,MLKFOOD,Active,Not Listed,,Y,Nutral,S,Mar2020,00000027,00000053,0.0,551.41,0.61,544.5699999999999,0.0,0.0,2.99,8.4,20.85,519.29,8.11,8.77,-2.95,0.0,3.33,0.05,8.34,0.01,96.7,0.0,105.1,0.0,0.0,0.0,0.0,10.75,0.0,505.54,-7.45,0.33,0.0,8.39,17.16,4.29,59.6575,238.63,540.66,0.0,0.0,16.88,0.0,0.0,0.0,0.0,0.0,0.0,0.0,0.0,0.0,0.0,0.0,551.41,0.0,-7.45,460.34,9.44,14.91,10.76,0.0,25.28,3119195.0,63.8337,0.0,0.0,0.0,0.0,400.0,0.0082,375588.0,7.6863,1388657.0,0.0,0.0,0.0,2600.0,0.0532,0.0,28.4186,3497783.0,63.8419
381,2020-03,2020,Mar2020,Milkfood,Milkfood Ltd,507621,INE588G01021,XT,Small Cap,Y,N,341.29,00000027,FMCG,00000053,Food - Processing - Indian,Company,MLKFOOD,Active,Not Listed,,Y,Nutral,C,Mar2020,00000027,00000053,0.0,551.41,0.61,544.5699999999999,0.0,0.0,2.99,8.4,20.85,519.29,8.11,8.77,-2.95,0.0,3.33,0.05,8.34,0.01,96.68,0.0,105.08,0.0,0.0,0.0,0.0,10.75,0.0,505.53,-7.45,0.33,0.0,8.39,0.0,0.0,59.6475,238.59,540.66,0.0,0.0,16.88,0.0,0.0,0.0,0.0,0.0,8.39,0.0,17.16,4.29,17.16,4.29,551.41,0.0,-7.45,460.34,9.44,14.9,10.77,0.0,25.28,3119195.0,63.8337,0.0,0.0,0.0,0.0,400.0,0.0082,375588.0,7.6863,1388657.0,0.0,0.0,0.0,2600.0,0.0532,0.0,28.4186,3497783.0,63.8419
381,2019-12,2019,Dec2019,Milkfood,Milkfood Ltd,507621,INE588G01021,XT,Small Cap,Y,N,341.29,00000027,FMCG,00000053,Food - Processing - Indian,Company,MLKFOOD,Active,Not Listed,,Y,Nutral,0,Dec2019,0,0,0.0,0.0,0.0,0.0,0.0,0.0,0.0,0.0,0.0,0.0,0.0,0.0,0.0,0.0,0.0,0.0,0.0,0.0,0.0,0.0,0.0,0.0,0.0,0.0,0.0,0.0,0.0,0.0,0.0,0.0,0.0,0.0,0.0,0.0,0.0,0.0,0.0,0.0,0.0,0.0,0.0,0.0,0.0,0.0,0.0,0.0,0.0,0.0,0.0,0.0,0.0,0.0,0.0,0.0,0.0,0.0,0.0,0.0,0.0,0.0,3119195.0,63.8337,0.0,0.0,0.0,0.0,423.0,0.0087,375588.0,7.6863,1388634.0,0.0,0.0,0.0,2600.0,0.0532,0.0,28.4181,3497806.0,63.8424
381,2019-09,2019,Sep2019,Milkfood,Milkfood Ltd,507621,INE588G01021,XT,Small Cap,Y,N,341.29,00000027,FMCG,00000053,Food - Processing - Indian,Company,MLKFOOD,Active,Not Listed,,Y,Nutral,0,Sep2019,0,0,0.0,0.0,0.0,0.0,0.0,0.0,0.0,0.0,0.0,0.0,0.0,0.0,0.0,0.0,0.0,0.0,0.0,0.0,0.0,0.0,0.0,0.0,0.0,0.0,0.0,0.0,0.0,0.0,0.0,0.0,0.0,0.0,0.0,0.0,0.0,0.0,0.0,0.0,0.0,0.0,0.0,0.0,0.0,0.0,0.0,0.0,0.0,0.0,0.0,0.0,0.0,0.0,0.0,0.0,0.0,0.0,0.0,0.0,0.0,0.0,3119195.0,63.8337,0.0,0.0,0.0,0.0,500.0,0.0102,375588.0,7.6863,1388557.0,0.0,0.0,0.0,2600.0,0.0532,0.0,28.4165,3497883.0,63.8439
381,2019-06,2019,Jun2019,Milkfood,Milkfood Ltd,507621,INE588G01021,XT,Small Cap,Y,N,341.29,00000027,FMCG,00000053,Food - Processing - Indian,Company,MLKFOOD,Active,Not Listed,,Y,Nutral,0,Jun2019,0,0,0.0,0.0,0.0,0.0,0.0,0.0,0.0,0.0,0.0,0.0,0.0,0.0,0.0,0.0,0.0,0.0,0.0,0.0,0.0,0.0,0.0,0.0,0.0,0.0,0.0,0.0,0.0,0.0,0.0,0.0,0.0,0.0,0.0,0.0,0.0,0.0,0.0,0.0,0.0,0.0,0.0,0.0,0.0,0.0,0.0,0.0,0.0,0.0,0.0,0.0,0.0,0.0,0.0,0.0,0.0,0.0,0.0,0.0,0.0,0.0,3119195.0,63.8337,0.0,0.0,0.0,0.0,500.0,0.0102,369632.0,7.5644,712517.0,0.0,0.0,0.0,2600.0,0.0532,681996.0,28.5384,4173923.0,63.8439
381,2019-03,2019,Mar2019,Milkfood,Milkfood Ltd,507621,INE588G01021,XT,Small Cap,Y,N,341.29,00000027,FMCG,00000053,Food - Processing - Indian,Company,MLKFOOD,Active,Not Listed,,Y,Nutral,S,Mar2019,00000027,00000053,0.0,530.59,0.31,524.39,0.0,0.0,3.37,7.88,20.17,496.30999999999995,6.83,13.37,-0.1,0.0,3.23,-0.09,10.33,-0.15,86.61,0.0,96.7,0.0,0.0,0.0,0.0,6.58,0.0,481.7,-6.51,0.59,0.0,10.24,20.94,5.235353386353579,55.36623722101241,221.45,524.01,0.0,0.0,20.2,0.0,0.0,0.0,0.0,0.0,0.0,0.0,0.0,0.0,0.0,0.0,530.59,0.0,-6.51,438.15,6.84,16.54,11.24,0.0,28.08,0.0,0.0,0.0,0.0,0.0,0.0,0.0,0.0,0.0,0.0,0.0,0.0,0.0,0.0,0.0,0.0,0.0,0.0,0.0,0.0
381,2019-03,2019,Mar2019,Milkfood,Milkfood Ltd,507621,INE588G01021,XT,Small Cap,Y,N,341.29,00000027,FMCG,00000053,Food - Processing - Indian,Company,MLKFOOD,Active,Not Listed,,Y,Nutral,C,Mar2019,00000027,00000053,0.0,530.59,0.31,524.39,0.0,0.0,3.38,7.88,20.17,496.32,6.83,13.360000000000001,-0.1,0.0,3.23,-0.09,10.32,-0.15,86.6,0.0,96.68,0.0,0.0,0.0,0.0,6.58,0.0,481.7,-6.51,0.59,0.0,10.23,0.0,0.0,55.35623654596685,221.41,524.01,0.0,0.0,20.19,0.0,0.0,0.0,0.0,0.0,10.23,0.0,20.92,5.230353048830796,20.92,5.230353048830796,530.59,0.0,-6.51,438.15,6.84,16.54,11.24,0.0,28.07,0.0,0.0,0.0,0.0,0.0,0.0,0.0,0.0,0.0,0.0,0.0,0.0,0.0,0.0,0.0,0.0,0.0,0.0,0.0,0.0
381,2018-03,2018,Mar2018,Milkfood,Milkfood Ltd,507621,INE588G01021,XT,Small Cap,Y,N,341.29,00000027,FMCG,00000053,Food - Processing - Indian,Company,MLKFOOD,Active,Not Listed,,Y,Nutral,S,Mar2018,00000027,00000053,0.0,490.93,0.2,490.1,0.0,0.0,1.98,10.47,14.97,463.58,6.35,9.700000000000001,1.89,0.0,-0.35,0.0,8.16,-0.25,78.7,0.0,86.61,0.0,0.0,0.0,0.0,11.01,0.0,452.52000000000004,-1.03,0.36,0.0,8.16,16.69,4.172687770949693,50.2072593266697,200.82,479.92,0.0,0.0,16.05,0.0,0.0,0.0,0.0,0.0,0.0,0.0,0.0,0.0,0.0,0.0,490.93,0.0,-1.03,417.14,7.36,13.05,9.08,0.0,26.520000000000003,0.0,0.0,0.0,0.0,0.0,0.0,0.0,0.0,0.0,0.0,0.0,0.0,0.0,0.0,0.0,0.0,0.0,0.0,0.0,0.0
381,2018-03,2018,Mar2018,Milkfood,Milkfood Ltd,507621,INE588G01021,XT,Small Cap,Y,N,341.29,00000027,FMCG,00000053,Food - Processing - Indian,Company,MLKFOOD,Active,Not Listed,,Y,Nutral,C,Mar2018,00000027,00000053,0.0,490.93,0.2,490.1,0.0,0.0,1.98,10.47,14.97,463.58000000000004,6.35,9.700000000000001,1.89,0.0,-0.35,0.0,8.16,-0.25,78.69,0.0,86.6,0.0,0.0,0.0,0.0,11.01,0.0,452.52000000000004,-1.03,0.36,0.0,8.16,0.0,0.0,50.20225910165958,200.8,479.92,0.0,0.0,16.05,0.0,0.0,0.0,0.0,0.0,8.16,0.0,16.69,4.172687770949693,16.69,4.172687770949693,490.93,0.0,-1.03,427.92,7.36,2.27,9.08,0.0,26.520000000000003,0.0,0.0,0.0,0.0,0.0,0.0,0.0,0.0,0.0,0.0,0.0,0.0,0.0,0.0,0.0,0.0,0.0,0.0,0.0,0.0
381,2017-03,2017,Mar2017,Milkfood,Milkfood Ltd,507621,INE588G01021,XT,Small Cap,Y,N,341.29,00000027,FMCG,00000053,Food - Processing - Indian,Company,MLKFOOD,Active,Not Listed,,Y,Nutral,S,Mar2017,00000027,00000053,0.0,388.77,0.55,402.14,0.0,0.0,6.05,12.36,12.55,384.5,5.36,-0.08000000000000007,0.0,0.0,0.92,-3.17,2.17,-0.03,79.93,0.0,78.9,0.0,0.0,0.0,0.0,3.61,0.0,369.57000000000005,12.82,0.02,0.0,-1.0,0.0,0.0,46.19381098940662,184.76,385.16,0.0,0.0,5.28,0.0,0.0,0.0,0.0,0.0,0.0,0.0,0.0,0.0,0.0,0.0,388.77,0.0,12.82,340.5,5.29,11.23,8.88,0.0,17.64,0.0,0.0,0.0,0.0,0.0,0.0,0.0,0.0,0.0,0.0,0.0,0.0,0.0,0.0,0.0,0.0,0.0,0.0,0.0,0.0
381,2017-03,2017,Mar2017,Milkfood,Milkfood Ltd,507621,INE588G01021,XT,Small Cap,Y,N,341.29,00000027,FMCG,00000053,Food - Processing - Indian,Company,MLKFOOD,Active,Not Listed,,Y,Nutral,C,Mar2017,00000027,00000053,0.0,388.77,0.55,402.14,0.0,0.0,6.05,12.36,12.55,384.5,5.36,-0.08000000000000007,0.0,0.0,0.92,42.95,-43.95,-0.04,79.93,0.0,78.89,0.0,0.0,0.0,0.0,3.61,0.0,369.57000000000005,12.82,0.02,0.0,-1.0,0.0,0.0,46.18881057687259,184.74,385.16,0.0,0.0,5.28,0.0,0.0,0.0,0.0,0.0,-1.0,0.0,0.0,0.0,0.0,0.0,388.77,0.0,12.82,340.5,5.29,11.23,8.88,0.0,17.64,0.0,0.0,0.0,0.0,0.0,0.0,0.0,0.0,0.0,0.0,0.0,0.0,0.0,0.0,0.0,0.0,0.0,0.0,0.0,0.0
381,2016-03,2016,Mar2016,Milkfood,Milkfood Ltd,507621,INE588G01021,XT,Small Cap,Y,N,341.29,00000027,FMCG,00000053,Food - Processing - Indian,Company,MLKFOOD,Active,Not Listed,,Y,Nutral,S,Mar2016,00000027,00000053,0.0,372.79,2.18,349.66,0.0,0.0,7.25,12.64,12.57,326.23,9.26,1.5299999999999994,0.3,0.0,0.3,0.0,0.93,0.0,23.01,0.0,23.94,0.0,0.0,0.0,0.0,0.46,0.0,313.09000000000003,-25.31,0.0,0.0,0.93,1.9,0.47506057022270337,18.17231697041373,72.68,372.33,0.0,0.0,10.79,0.0,0.0,0.0,0.0,0.0,0.0,0.0,0.0,0.0,0.0,0.0,372.79,0.0,-25.31,285.66,4.51,10.35,5.89,0.0,23.43,0.0,0.0,0.0,0.0,0.0,0.0,0.0,0.0,0.0,0.0,0.0,0.0,0.0,0.0,0.0,0.0,0.0,0.0,0.0,0.0
381,2016-03,2016,Mar2016,Milkfood,Milkfood Ltd,507621,INE588G01021,XT,Small Cap,Y,N,341.29,00000027,FMCG,00000053,Food - Processing - Indian,Company,MLKFOOD,Active,Not Listed,,Y,Nutral,C,Mar2016,00000027,00000053,0.0,372.79,2.18,349.66,0.0,0.0,7.25,12.64,12.57,326.23,9.26,1.5299999999999994,0.3,0.0,0.3,0.0,0.93,0.0,23.01,0.0,23.94,0.0,0.0,0.0,0.0,0.46,0.0,313.09000000000003,-25.31,0.0,0.0,0.93,0.0,0.0,18.167316332832435,72.66,372.33,0.0,0.0,10.79,0.0,0.0,0.0,0.0,0.0,0.93,0.0,1.9,0.47506057022270337,1.9,0.47506057022270337,372.79,0.0,-25.31,285.66,4.51,10.35,5.89,0.0,23.43,0.0,0.0,0.0,0.0,0.0,0.0,0.0,0.0,0.0,0.0,0.0,0.0,0.0,0.0,0.0,0.0,0.0,0.0,0.0,0.0
381,2015-03,2015,Mar2015,Milkfood,Milkfood Ltd,507621,INE588G01021,XT,Small Cap,Y,N,341.29,00000027,FMCG,00000053,Food - Processing - Indian,Company,MLKFOOD,Active,Not Listed,,Y,Nutral,S,Mar2015,00000027,00000053,0.0,370.95,1.54,378.26,0.0,0.0,4.94,9.35,13.09,360.84000000000003,6.36,1.71,0.34,0.0,0.37,0.0,1.0,-0.05,22.06,0.0,23.01,0.0,0.0,0.0,0.0,1.55,0.0,349.89000000000004,5.77,0.0,0.0,1.0,2.04,0.51,17.69,70.76,369.4,0.0,0.0,8.07,0.0,0.0,0.0,0.0,0.0,0.0,0.0,0.0,0.0,0.0,0.0,370.95,0.0,5.77,315.79,9.72,11.29,6.01,0.0,17.42,0.0,0.0,0.0,0.0,0.0,0.0,0.0,0.0,0.0,0.0,0.0,0.0,0.0,0.0,0.0,0.0,0.0,0.0,0.0,0.0
381,2015-03,2015,Mar2015,Milkfood,Milkfood Ltd,507621,INE588G01021,XT,Small Cap,Y,N,341.29,00000027,FMCG,00000053,Food - Processing - Indian,Company,MLKFOOD,Active,Not Listed,,Y,Nutral,C,Mar2015,00000027,00000053,0.0,370.95,1.54,378.26,0.0,0.0,4.95,9.35,13.09,360.85,6.36,1.7000000000000002,0.34,0.0,0.37,0.0,0.99,-0.05,22.06,0.0,23.0,0.0,0.0,0.0,0.0,1.55,0.0,349.89000000000004,5.77,0.0,0.0,0.99,0.0,0.0,17.685,70.74,369.4,0.0,0.0,8.06,0.0,0.0,0.0,0.0,0.0,0.99,0.0,2.02,0.505,2.02,0.505,370.95,0.0,5.77,315.79,9.72,11.29,6.01,0.0,17.41,0.0,0.0,0.0,0.0,0.0,0.0,0.0,0.0,0.0,0.0,0.0,0.0,0.0,0.0,0.0,0.0,0.0,0.0,0.0,0.0
381,2014-03,2014,Mar2014,Milkfood,Milkfood Ltd,507621,INE588G01021,XT,Small Cap,Y,N,341.29,00000027,FMCG,00000053,Food - Processing - Indian,Company,MLKFOOD,Active,Not Listed,,Y,Nutral,S,Mar2014,00000027,00000053,0.0,430.63,16.62,454.3,0.0,0.0,18.67,11.47,13.75,434.24,5.84,2.75,0.55,0.0,1.02,-0.09,1.27,0.0,20.88,0.0,22.06,0.0,0.0,0.0,0.0,5.45,0.0,404.87,7.05,0.0,0.0,1.18,2.41,2.41,68.81,68.81,425.18,0.0,0.0,8.59,0.0,0.0,0.0,0.0,0.0,0.0,0.0,0.0,0.0,0.0,0.0,430.63,0.0,7.05,370.37,9.99,10.76,10.7,0.0,20.060000000000002,0.0,0.0,0.0,0.0,0.0,0.0,0.0,0.0,0.0,0.0,0.0,0.0,0.0,0.0,0.0,0.0,0.0,0.0,0.0,0.0
381,2014-03,2014,Mar2014,Milkfood,Milkfood Ltd,507621,INE588G01021,XT,Small Cap,Y,N,341.29,00000027,FMCG,00000053,Food - Processing - Indian,Company,MLKFOOD,Active,Not Listed,,Y,Nutral,C,Mar2014,00000027,00000053,0.0,430.63,16.62,454.3,0.0,0.0,18.67,11.47,13.75,434.24,5.84,2.75,0.55,0.0,1.02,-0.09,1.27,0.0,20.88,0.0,22.06,0.0,0.0,0.0,0.0,5.45,0.0,404.87,7.05,0.0,0.0,1.18,0.0,0.0,68.81,68.81,425.18,0.0,0.0,8.59,0.0,0.0,0.0,0.0,0.0,1.18,0.0,2.41,2.41,2.41,2.41,430.63,0.0,7.05,370.37,9.99,10.76,10.7,0.0,20.060000000000002,0.0,0.0,0.0,0.0,0.0,0.0,0.0,0.0,0.0,0.0,0.0,0.0,0.0,0.0,0.0,0.0,0.0,0.0,0.0,0.0
381,2013-03,2013,Mar2013,Milkfood,Milkfood Ltd,507621,INE588G01021,XT,Small Cap,Y,N,341.29,00000027,FMCG,00000053,Food - Processing - Indian,Company,MLKFOOD,Active,Not Listed,,Y,Nutral,S,Mar2013,00000027,00000053,0.0,335.4,0.39,325.87999999999994,0.0,0.0,3.83,11.65,10.82,308.99,4.27,0.9700000000000006,0.2,0.0,0.1,-0.03,0.7000000000000001,0.0,20.21,0.0,20.88,0.0,0.0,0.0,0.0,2.55,0.0,296.46,-9.91,0.0,0.0,0.67,1.37,1.37,66.4,66.4,332.85,0.0,0.0,5.24,0.0,0.0,0.0,0.0,0.0,0.0,0.0,0.0,0.0,0.0,0.0,335.4,0.0,-9.91,264.57,10.4,10.67,8.7,0.0,16.89,0.0,0.0,0.0,0.0,0.0,0.0,0.0,0.0,0.0,0.0,0.0,0.0,0.0,0.0,0.0,0.0,0.0,0.0,0.0,0.0
381,2013-03,2013,Mar2013,Milkfood,Milkfood Ltd,507621,INE588G01021,XT,Small Cap,Y,N,341.29,00000027,FMCG,00000053,Food - Processing - Indian,Company,MLKFOOD,Active,Not Listed,,Y,Nutral,C,Mar2013,00000027,00000053,0.0,335.4,0.39,325.87999999999994,0.0,0.0,3.83,11.65,10.82,308.99,4.27,0.9700000000000006,0.2,0.0,0.1,-0.03,0.7000000000000001,0.0,20.21,0.0,20.88,0.0,0.0,0.0,0.0,2.55,0.0,296.46,-9.91,0.0,0.0,0.67,0.0,0.0,66.4,66.4,332.85,0.0,0.0,5.24,0.0,0.0,0.0,0.0,0.0,0.67,0.0,1.37,1.37,1.37,1.37,335.4,0.0,-9.91,264.57,10.4,10.67,8.7,0.0,16.89,0.0,0.0,0.0,0.0,0.0,0.0,0.0,0.0,0.0,0.0,0.0,0.0,0.0,0.0,0.0,0.0,0.0,0.0,0.0,0.0
381,2012-03,2012,Mar2012,Milkfood,Milkfood Ltd,507621,INE588G01021,XT,Small Cap,Y,N,341.29,00000027,FMCG,00000053,Food - Processing - Indian,Company,MLKFOOD,Active,Not Listed,,Y,Nutral,S,Mar2012,00000027,00000053,0.0,304.59,0.43,343.04999999999995,0.0,0.0,3.04,11.22,9.36,325.49,4.95,1.3899999999999997,0.35,0.0,0.46,-0.02,0.6,0.0,0.0,0.58,0.0,0.0,0.0,0.0,0.0,0.12,0.0,317.5,38.03,0.0,0.0,0.58,1.19,1.19,65.01,65.01,304.47,0.0,0.0,6.34,0.0,0.0,0.0,0.0,0.0,0.0,0.0,0.0,0.0,0.0,0.0,304.59,0.0,38.03,279.9,17.08,11.16,4.95,0.0,17.560000000000002,0.0,0.0,0.0,0.0,0.0,0.0,0.0,0.0,0.0,0.0,0.0,0.0,0.0,0.0,0.0,0.0,0.0,0.0,0.0,0.0
381,2012-03,2012,Mar2012,Milkfood,Milkfood Ltd,507621,INE588G01021,XT,Small Cap,Y,N,341.29,00000027,FMCG,00000053,Food - Processing - Indian,Company,MLKFOOD,Active,Not Listed,,Y,Nutral,C,Mar2012,00000027,00000053,0.0,304.59,0.43,343.04999999999995,0.0,0.0,3.02,11.22,9.36,325.46999999999997,4.95,1.4100000000000001,0.37,0.0,0.46,-0.02,0.6,0.0,0.0,0.58,0.0,0.0,0.0,0.0,0.0,0.12,0.0,317.5,38.03,0.0,0.0,0.58,0.0,0.0,65.01,65.01,304.47,0.0,0.0,6.36,0.0,0.0,0.0,0.0,0.0,0.58,0.0,1.19,1.19,1.19,1.19,304.59,0.0,38.03,279.9,17.08,11.16,4.95,0.0,17.580000000000002,0.0,0.0,0.0,0.0,0.0,0.0,0.0,0.0,0.0,0.0,0.0,0.0,0.0,0.0,0.0,0.0,0.0,0.0,0.0,0.0
381,2011-03,2011,Mar2011,Milkfood,Milkfood Ltd,507621,INE588G01021,XT,Small Cap,Y,N,341.29,00000027,FMCG,00000053,Food - Processing - Indian,Company,MLKFOOD,Active,Not Listed,,Y,Nutral,S,Mar2011,00000027,00000053,0.0,307.94,1.1,300.07,0.0,0.0,2.9,12.56,9.23,287.49,4.68,-4.66,0.0,0.0,0.51,-0.05,-5.12,0.0,0.0,-5.17,0.0,0.0,0.0,0.0,0.0,6.81,0.0,279.14,-8.97,0.0,0.0,-5.17,0.0,0.0,63.82,63.82,301.13,0.0,0.0,0.02,0.0,0.0,0.0,0.0,0.0,0.0,0.0,0.0,0.0,0.0,0.0,307.94,0.0,-8.97,246.58,13.3,10.03,5.45,0.0,12.58,0.0,0.0,0.0,0.0,0.0,0.0,0.0,0.0,0.0,0.0,0.0,0.0,0.0,0.0,0.0,0.0,0.0,0.0,0.0,0.0
381,2011-03,2011,Mar2011,Milkfood,Milkfood Ltd,507621,INE588G01021,XT,Small Cap,Y,N,341.29,00000027,FMCG,00000053,Food - Processing - Indian,Company,MLKFOOD,Active,Not Listed,,Y,Nutral,C,Mar2011,00000027,00000053,0.0,307.94,1.1,300.07,0.0,0.0,0.04,12.56,9.24,287.49,4.68,-4.66,0.0,0.0,0.51,-0.03,-5.14,0.0,0.0,-5.17,0.0,0.0,0.0,0.0,0.0,6.81,0.0,279.15,-8.97,0.0,0.0,-5.17,0.0,0.0,63.82,63.82,301.13,0.0,0.0,0.02,0.0,0.0,0.0,0.0,0.0,-5.17,0.0,0.0,0.0,0.0,0.0,307.94,0.0,-8.97,246.58,13.3,10.03,8.3,0.0,12.58,0.0,0.0,0.0,0.0,0.0,0.0,0.0,0.0,0.0,0.0,0.0,0.0,0.0,0.0,0.0,0.0,0.0,0.0,0.0,0.0
434,2024-06,2024,Jun2024,Pfizer,Pfizer Ltd,500680,INE182A01018,A,Small Cap,Y,Y,25718.46,00000046,Pharmaceuticals,00000073,Pharmaceuticals - Multinational,Company,PFIZER,Active,Active,PFIZER,Y,Consistently profitable Company,0,Jun2024,0,0,0.0,0.0,0.0,0.0,0.0,0.0,0.0,0.0,0.0,0.0,0.0,0.0,0.0,0.0,0.0,0.0,0.0,0.0,0.0,0.0,0.0,0.0,0.0,0.0,0.0,0.0,0.0,0.0,0.0,0.0,0.0,0.0,0.0,0.0,0.0,0.0,0.0,0.0,0.0,0.0,0.0,0.0,0.0,0.0,0.0,0.0,0.0,0.0,0.0,0.0,0.0,0.0,0.0,0.0,0.0,0.0,0.0,0.0,0.0,0.0,29243042.0,63.9224,188.0,0.0004,0.0,0.0,6085.0,0.0133,1473166.0,3.2227,2088434.0,0.1011,3386943.0,7.4035,3807049.0,8.3218,5743013.0,17.0146,43659298.0,71.3396
434,2024-03,2024,Mar2024,Pfizer,Pfizer Ltd,500680,INE182A01018,A,Small Cap,Y,Y,25718.46,00000046,Pharmaceuticals,00000073,Pharmaceuticals - Multinational,Company,PFIZER,Active,Active,PFIZER,Y,Consistently profitable Company,S,Mar2024,00000046,00000073,0.0,2193.17,188.46,2393.4500000000003,0.0,0.0,44.37,15.43,347.8,1569.67,62.28,746.07,158.63,0.0,36.11,3.62,547.71,0.0,1460.05,182.99,1828.39,0.0,0.0,350.0,35.0,112.13000000000001,0.0,1207.34,11.82,85.59,0.0,551.33,120.51,120.51,785.91,785.91,2081.04,0.0,0.0,808.35,0.0,0.0,0.0,0.0,0.0,0.0,0.0,0.0,0.0,0.0,0.0,2193.17,0.0,11.82,804.39,3.98,51.17,317.96,0.0,823.78,29243042.0,63.9224,188.0,0.0004,0.0,0.0,6085.0,0.0133,1520703.0,3.3267,2136939.0,0.1476,3405342.0,7.4437,3533992.0,7.725,5901629.0,17.4208,43610793.0,71.3798
434,2023-12,2023,Dec2023,Pfizer,Pfizer Ltd,500680,INE182A01018,A,Small Cap,Y,Y,25718.46,00000046,Pharmaceuticals,00000073,Pharmaceuticals - Multinational,Company,PFIZER,Active,Active,PFIZER,Y,Consistently profitable Company,0,Dec2023,0,0,0.0,0.0,0.0,0.0,0.0,0.0,0.0,0.0,0.0,0.0,0.0,0.0,0.0,0.0,0.0,0.0,0.0,0.0,0.0,0.0,0.0,0.0,0.0,0.0,0.0,0.0,0.0,0.0,0.0,0.0,0.0,0.0,0.0,0.0,0.0,0.0,0.0,0.0,0.0,0.0,0.0,0.0,0.0,0.0,0.0,0.0,0.0,0.0,0.0,0.0,0.0,0.0,0.0,0.0,0.0,0.0,0.0,0.0,0.0,0.0,29243042.0,63.9224,188.0,0.0004,0.0,0.0,7097.0,0.0155,1385931.0,3.0298,2146470.0,0.0017,3440747.0,7.5211,3482774.0,7.613,6041671.0,17.8959,43601262.0,71.4594
434,2023-09,2023,Sep2023,Pfizer,Pfizer Ltd,500680,INE182A01018,A,Small Cap,Y,Y,25718.46,00000046,Pharmaceuticals,00000073,Pharmaceuticals - Multinational,Company,PFIZER,Active,Active,PFIZER,Y,Consistently profitable Company,0,Sep2023,0,0,0.0,0.0,0.0,0.0,0.0,0.0,0.0,0.0,0.0,0.0,0.0,0.0,0.0,0.0,0.0,0.0,0.0,0.0,0.0,0.0,0.0,0.0,0.0,0.0,0.0,0.0,0.0,0.0,0.0,0.0,0.0,0.0,0.0,0.0,0.0,0.0,0.0,0.0,0.0,0.0,0.0,0.0,0.0,0.0,0.0,0.0,0.0,0.0,0.0,0.0,0.0,0.0,0.0,0.0,0.0,0.0,0.0,0.0,0.0,0.0,29243042.0,63.9224,188.0,0.0004,0.0,0.0,6085.0,0.0133,1290380.0,2.8232000000000004,2137972.0,0.0323,3461460.0,7.5664,3382866.0,7.3946,6225927.0,18.2473,43609760.0,71.5025
434,2023-06,2023,Jun2023,Pfizer,Pfizer Ltd,500680,INE182A01018,A,Small Cap,Y,Y,25718.46,00000046,Pharmaceuticals,00000073,Pharmaceuticals - Multinational,Company,PFIZER,Active,Active,PFIZER,Y,Consistently profitable Company,0,Jun2023,0,0,0.0,0.0,0.0,0.0,0.0,0.0,0.0,0.0,0.0,0.0,0.0,0.0,0.0,0.0,0.0,0.0,0.0,0.0,0.0,0.0,0.0,0.0,0.0,0.0,0.0,0.0,0.0,0.0,0.0,0.0,0.0,0.0,0.0,0.0,0.0,0.0,0.0,0.0,0.0,0.0,0.0,0.0,0.0,0.0,0.0,0.0,0.0,0.0,0.0,0.0,0.0,0.0,0.0,0.0,0.0,0.0,0.0,0.0,0.0,0.0,29243042.0,63.9224,188.0,0.0004,0.0,0.0,6085.0,0.0133,1285177.0,2.8121,2161056.0,0.0323,3969445.0,8.6768,2821727.0,6.168,6261200.0,18.3747,43586676.0,72.6129
434,2023-03,2023,Mar2023,Pfizer,Pfizer Ltd,500680,INE182A01018,A,Small Cap,Y,Y,25718.46,00000046,Pharmaceuticals,00000073,Pharmaceuticals - Multinational,Company,PFIZER,Active,Active,PFIZER,Y,Consistently profitable Company,S,Mar2023,00000046,00000073,0.0,2424.76,134.05,2502.3300000000004,0.0,0.0,54.29,13.48,331.68,1559.33,105.51,824.01,251.99,0.0,-51.91,22.95,600.9799999999999,0.0,1133.47,297.35,1460.05,0.0,0.0,700.0,70.0,87.13,0.0,1207.01,-56.48,61.59,0.0,623.93,136.38,136.38,701.05,701.05,2337.63,0.0,0.0,929.52,0.0,0.0,0.0,0.0,0.0,0.0,0.0,0.0,0.0,0.0,0.0,2424.76,0.0,-56.48,817.19,6.51,51.63,298.03,0.0,943.0,29243042.0,63.9224,188.0,0.0004,0.0,0.0,6085.0,0.0133,1280038.0,2.8009,2160128.0,0.0322,4067383.0,8.8909,2725366.0,5.9574,6265690.0,18.3825,43587604.0,72.827
434,2022-12,2022,Dec2022,Pfizer,Pfizer Ltd,500680,INE182A01018,A,Small Cap,Y,Y,25718.46,00000046,Pharmaceuticals,00000073,Pharmaceuticals - Multinational,Company,PFIZER,Active,Active,PFIZER,Y,Consistently profitable Company,0,Dec2022,0,0,0.0,0.0,0.0,0.0,0.0,0.0,0.0,0.0,0.0,0.0,0.0,0.0,0.0,0.0,0.0,0.0,0.0,0.0,0.0,0.0,0.0,0.0,0.0,0.0,0.0,0.0,0.0,0.0,0.0,0.0,0.0,0.0,0.0,0.0,0.0,0.0,0.0,0.0,0.0,0.0,0.0,0.0,0.0,0.0,0.0,0.0,0.0,0.0,0.0,0.0,0.0,0.0,0.0,0.0,0.0,0.0,0.0,0.0,0.0,0.0,29243042.0,63.9224,188.0,0.0004,0.0,0.0,7171.0,0.0157,1266014.0,2.7679,2149288.0,0.0322,4077176.0,8.9123,2731602.0,5.971,6273439.0,18.3782,43598444.0,72.8508
434,2022-09,2022,Sep2022,Pfizer,Pfizer Ltd,500680,INE182A01018,A,Small Cap,Y,Y,25718.46,00000046,Pharmaceuticals,00000073,Pharmaceuticals - Multinational,Company,PFIZER,Active,Active,PFIZER,Y,Consistently profitable Company,0,Sep2022,0,0,0.0,0.0,0.0,0.0,0.0,0.0,0.0,0.0,0.0,0.0,0.0,0.0,0.0,0.0,0.0,0.0,0.0,0.0,0.0,0.0,0.0,0.0,0.0,0.0,0.0,0.0,0.0,0.0,0.0,0.0,0.0,0.0,0.0,0.0,0.0,0.0,0.0,0.0,0.0,0.0,0.0,0.0,0.0,0.0,0.0,0.0,0.0,0.0,0.0,0.0,0.0,0.0,0.0,0.0,0.0,0.0,0.0,0.0,0.0,0.0,29243042.0,63.9224,188.0,0.0004,0.0,0.0,7162.0,0.0157,1164713.0,2.5464,2168555.0,0.0322,3807239.0,8.3222,2979779.0,6.5135,6377242.0,18.6472,43579177.0,72.2607
434,2022-06,2022,Jun2022,Pfizer,Pfizer Ltd,500680,INE182A01018,A,Small Cap,Y,Y,25718.46,00000046,Pharmaceuticals,00000073,Pharmaceuticals - Multinational,Company,PFIZER,Active,Active,PFIZER,Y,Consistently profitable Company,0,Jun2022,0,0,0.0,0.0,0.0,0.0,0.0,0.0,0.0,0.0,0.0,0.0,0.0,0.0,0.0,0.0,0.0,0.0,0.0,0.0,0.0,0.0,0.0,0.0,0.0,0.0,0.0,0.0,0.0,0.0,0.0,0.0,0.0,0.0,0.0,0.0,0.0,0.0,0.0,0.0,0.0,0.0,0.0,0.0,0.0,0.0,0.0,0.0,0.0,0.0,0.0,0.0,0.0,0.0,0.0,0.0,0.0,0.0,0.0,0.0,0.0,0.0,29243042.0,63.9224,63.0,0.0001,0.0,0.0,7502.0,0.0164,1168758.0,2.5548,5273040.0,6.9143,332200.0,0.7262,3279733.0,7.1692,6443457.0,18.6966,40474692.0,64.66510000000001
434,2022-03,2022,Mar2022,Pfizer,Pfizer Ltd,500680,INE182A01018,A,Small Cap,Y,Y,25718.46,00000046,Pharmaceuticals,00000073,Pharmaceuticals - Multinational,Company,PFIZER,Active,Active,PFIZER,Y,Consistently profitable Company,S,Mar2022,00000046,00000073,0.0,2610.99,62.65,2746.54,0.0,0.0,47.1,10.7,403.67,1847.9499999999998,115.0,772.89,196.26,0.0,-35.93,1.13,611.43,0.0,681.03,160.12,1133.47,0.0,0.0,350.0,35.0,80.71,0.0,1490.08,72.9,74.38,0.0,612.56,133.89,133.89,626.1,626.1,2530.28,0.0,0.0,887.89,0.0,0.0,0.0,0.0,0.0,0.0,0.0,0.0,0.0,0.0,0.0,2610.99,0.0,72.9,1020.93,5.67,59.81,310.77,0.0,898.59,29243042.0,63.9224,63.0,0.0001,0.0,0.0,7502.0,0.0164,1004375.0,2.1954,5089923.0,6.4908,278205.0,0.6081,3634293.0,7.9442,6490392.0,18.8225,40657809.0,64.547
434,2021-12,2021,Dec2021,Pfizer,Pfizer Ltd,500680,INE182A01018,A,Small Cap,Y,Y,25718.46,00000046,Pharmaceuticals,00000073,Pharmaceuticals - Multinational,Company,PFIZER,Active,Active,PFIZER,Y,Consistently profitable Company,0,Dec2021,0,0,0.0,0.0,0.0,0.0,0.0,0.0,0.0,0.0,0.0,0.0,0.0,0.0,0.0,0.0,0.0,0.0,0.0,0.0,0.0,0.0,0.0,0.0,0.0,0.0,0.0,0.0,0.0,0.0,0.0,0.0,0.0,0.0,0.0,0.0,0.0,0.0,0.0,0.0,0.0,0.0,0.0,0.0,0.0,0.0,0.0,0.0,0.0,0.0,0.0,0.0,0.0,0.0,0.0,0.0,0.0,0.0,0.0,0.0,0.0,0.0,29243042.0,63.9224,63.0,0.0001,0.0,0.0,7662.0,0.0167,976401.0,2.1343,4964401.0,6.1807,243124.0,0.5314,3793929.0,8.2932,6519173.0,18.9211,40783331.0,64.4706
434,2021-09,2021,Sep2021,Pfizer,Pfizer Ltd,500680,INE182A01018,A,Small Cap,Y,Y,25718.46,00000046,Pharmaceuticals,00000073,Pharmaceuticals - Multinational,Company,PFIZER,Active,Active,PFIZER,Y,Consistently profitable Company,0,Sep2021,0,0,0.0,0.0,0.0,0.0,0.0,0.0,0.0,0.0,0.0,0.0,0.0,0.0,0.0,0.0,0.0,0.0,0.0,0.0,0.0,0.0,0.0,0.0,0.0,0.0,0.0,0.0,0.0,0.0,0.0,0.0,0.0,0.0,0.0,0.0,0.0,0.0,0.0,0.0,0.0,0.0,0.0,0.0,0.0,0.0,0.0,0.0,0.0,0.0,0.0,0.0,0.0,0.0,0.0,0.0,0.0,0.0,0.0,0.0,0.0,0.0,29243042.0,63.9224,63.0,0.0001,0.0,0.0,7662.0,0.0167,948451.0,2.0732,4990441.0,6.1602,224189.0,0.4901,3877900.0,8.4767,6456047.0,18.8606,40757291.0,64.42930000000001
434,2021-06,2021,Jun2021,Pfizer,Pfizer Ltd,500680,INE182A01018,A,Small Cap,Y,Y,25718.46,00000046,Pharmaceuticals,00000073,Pharmaceuticals - Multinational,Company,PFIZER,Active,Active,PFIZER,Y,Consistently profitable Company,0,Jun2021,0,0,0.0,0.0,0.0,0.0,0.0,0.0,0.0,0.0,0.0,0.0,0.0,0.0,0.0,0.0,0.0,0.0,0.0,0.0,0.0,0.0,0.0,0.0,0.0,0.0,0.0,0.0,0.0,0.0,0.0,0.0,0.0,0.0,0.0,0.0,0.0,0.0,0.0,0.0,0.0,0.0,0.0,0.0,0.0,0.0,0.0,0.0,0.0,0.0,0.0,0.0,0.0,0.0,0.0,0.0,0.0,0.0,0.0,0.0,0.0,0.0,29243042.0,63.9224,63.0,0.0001,0.0,0.0,7662.0,0.0167,948451.0,2.0732,4990441.0,6.1602,224189.0,0.4901,3877900.0,8.4767,6456047.0,18.8606,40757291.0,64.42930000000001
434,2021-03,2021,Mar2021,Pfizer,Pfizer Ltd,500680,INE182A01018,A,Small Cap,Y,Y,25718.46,00000046,Pharmaceuticals,00000073,Pharmaceuticals - Multinational,Company,PFIZER,Active,Active,PFIZER,Y,Consistently profitable Company,S,Mar2021,00000046,00000073,0.0,2238.55,81.12,2305.32,0.0,0.0,32.63,15.39,361.06,1511.8,109.41,668.72,183.63,0.0,-12.52,0.06,497.55,0.0,1693.08,1509.66,681.03,0.0,0.0,350.0,35.0,48.51,0.0,1210.5,-14.35,65.02,0.0,497.61,108.77,108.77,523.07,523.07,2190.04,0.0,0.0,778.13,0.0,0.0,0.0,0.0,0.0,0.0,0.0,0.0,0.0,0.0,0.0,2238.55,0.0,-14.35,783.39,5.79,60.26,268.67,0.0,793.52,29243042.0,63.9224,63.0,0.0001,0.0,0.0,8312.0,0.0182,864916.0,1.8906,2779480.0,1.5498,2126553.0,4.6484,3850950.0,8.4178,6874479.0,19.5526,42968252.0,68.5891
434,2020-12,2020,Dec2020,Pfizer,Pfizer Ltd,500680,INE182A01018,A,Small Cap,Y,Y,25718.46,00000046,Pharmaceuticals,00000073,Pharmaceuticals - Multinational,Company,PFIZER,Active,Active,PFIZER,Y,Consistently profitable Company,0,Dec2020,0,0,0.0,0.0,0.0,0.0,0.0,0.0,0.0,0.0,0.0,0.0,0.0,0.0,0.0,0.0,0.0,0.0,0.0,0.0,0.0,0.0,0.0,0.0,0.0,0.0,0.0,0.0,0.0,0.0,0.0,0.0,0.0,0.0,0.0,0.0,0.0,0.0,0.0,0.0,0.0,0.0,0.0,0.0,0.0,0.0,0.0,0.0,0.0,0.0,0.0,0.0,0.0,0.0,0.0,0.0,0.0,0.0,0.0,0.0,0.0,0.0,29243042.0,63.9224,63.0,0.0001,0.0,0.0,9886.0,0.0216,857192.0,1.8737,2741756.0,1.3982,1747033.0,3.8188,4150014.0,9.0715,6998809.0,19.8935,43005976.0,67.7629
434,2020-09,2020,Sep2020,Pfizer,Pfizer Ltd,500680,INE182A01018,A,Small Cap,Y,Y,25718.46,00000046,Pharmaceuticals,00000073,Pharmaceuticals - Multinational,Company,PFIZER,Active,Active,PFIZER,Y,Consistently profitable Company,0,Sep2020,0,0,0.0,0.0,0.0,0.0,0.0,0.0,0.0,0.0,0.0,0.0,0.0,0.0,0.0,0.0,0.0,0.0,0.0,0.0,0.0,0.0,0.0,0.0,0.0,0.0,0.0,0.0,0.0,0.0,0.0,0.0,0.0,0.0,0.0,0.0,0.0,0.0,0.0,0.0,0.0,0.0,0.0,0.0,0.0,0.0,0.0,0.0,0.0,0.0,0.0,0.0,0.0,0.0,0.0,0.0,0.0,0.0,0.0,0.0,0.0,0.0,29243042.0,63.9224,63.0,0.0001,0.0,0.0,39937.0,0.0873,882280.0,1.9286,3058199.0,1.9264,1130261.0,2.4706,4794517.0,10.4803,6599496.0,19.1842,42689533.0,66.48040000000002
434,2020-06,2020,Jun2020,Pfizer,Pfizer Ltd,500680,INE182A01018,A,Small Cap,Y,Y,25718.46,00000046,Pharmaceuticals,00000073,Pharmaceuticals - Multinational,Company,PFIZER,Active,Active,PFIZER,Y,Consistently profitable Company,0,Jun2020,0,0,0.0,0.0,0.0,0.0,0.0,0.0,0.0,0.0,0.0,0.0,0.0,0.0,0.0,0.0,0.0,0.0,0.0,0.0,0.0,0.0,0.0,0.0,0.0,0.0,0.0,0.0,0.0,0.0,0.0,0.0,0.0,0.0,0.0,0.0,0.0,0.0,0.0,0.0,0.0,0.0,0.0,0.0,0.0,0.0,0.0,0.0,0.0,0.0,0.0,0.0,0.0,0.0,0.0,0.0,0.0,0.0,0.0,0.0,0.0,0.0,29243042.0,63.9224,63.0,0.0001,0.0,0.0,351264.0,0.7678,1148023.0,2.5094,2965546.0,1.5768,1080652.0,2.3622,4439032.0,9.7033,6520173.0,19.1579,42782186.0,67.05250000000001
434,2020-03,2020,Mar2020,Pfizer,Pfizer Ltd,500680,INE182A01018,A,Small Cap,Y,Y,25718.46,00000046,Pharmaceuticals,00000073,Pharmaceuticals - Multinational,Company,PFIZER,Active,Active,PFIZER,Y,Consistently profitable Company,S,Mar2020,00000046,00000073,0.0,2151.65,184.02,2372.29,0.0,0.0,37.06,11.01,364.51,1615.55,103.24,642.49,133.2,0.0,0.16,-0.8,509.93,0.0,1308.04,124.09,1693.08,0.0,0.0,3300.0,330.0,55.33,0.0,1258.83,36.62,84.94,0.0,509.13,111.29,111.29,742.18,742.18,2096.32,0.0,0.0,745.73,0.0,0.0,0.0,0.0,0.0,0.0,0.0,0.0,0.0,0.0,0.0,2151.65,0.0,36.62,829.02,11.04,54.26,319.66,0.0,756.74,29243042.0,63.9224,0.0,0.0,0.0,0.0,339734.0,0.7426,1689901.0,3.6939,3082723.0,0.273,1048652.0,2.2922,4274603.0,9.3439,6069077.0,19.7319,42665009.0,66.9572
434,2019-12,2019,Dec2019,Pfizer,Pfizer Ltd,500680,INE182A01018,A,Small Cap,Y,Y,25718.46,00000046,Pharmaceuticals,00000073,Pharmaceuticals - Multinational,Company,PFIZER,Active,Active,PFIZER,Y,Consistently profitable Company,0,Dec2019,0,0,0.0,0.0,0.0,0.0,0.0,0.0,0.0,0.0,0.0,0.0,0.0,0.0,0.0,0.0,0.0,0.0,0.0,0.0,0.0,0.0,0.0,0.0,0.0,0.0,0.0,0.0,0.0,0.0,0.0,0.0,0.0,0.0,0.0,0.0,0.0,0.0,0.0,0.0,0.0,0.0,0.0,0.0,0.0,0.0,0.0,0.0,0.0,0.0,0.0,0.0,0.0,0.0,0.0,0.0,0.0,0.0,0.0,0.0,0.0,0.0,29243042.0,63.9224,0.0,0.0,0.0,0.0,305164.0,0.6671,1709260.0,3.7362,2913604.0,0.2623,1189781.0,2.6007,4322978.0,9.4496,6063903.0,19.3616,42834128.0,67.1902
434,2019-09,2019,Sep2019,Pfizer,Pfizer Ltd,500680,INE182A01018,A,Small Cap,Y,Y,25718.46,00000046,Pharmaceuticals,00000073,Pharmaceuticals - Multinational,Company,PFIZER,Active,Active,PFIZER,Y,Consistently profitable Company,0,Sep2019,0,0,0.0,0.0,0.0,0.0,0.0,0.0,0.0,0.0,0.0,0.0,0.0,0.0,0.0,0.0,0.0,0.0,0.0,0.0,0.0,0.0,0.0,0.0,0.0,0.0,0.0,0.0,0.0,0.0,0.0,0.0,0.0,0.0,0.0,0.0,0.0,0.0,0.0,0.0,0.0,0.0,0.0,0.0,0.0,0.0,0.0,0.0,0.0,0.0,0.0,0.0,0.0,0.0,0.0,0.0,0.0,0.0,0.0,0.0,0.0,0.0,29243042.0,63.9224,0.0,0.0,0.0,0.0,220337.0,0.4816,1707917.0,3.7333,3016831.0,0.2472,1163275.0,2.5428,4291083.0,9.3799,6105247.0,19.6927,42730901.0,66.9468
434,2019-06,2019,Jun2019,Pfizer,Pfizer Ltd,500680,INE182A01018,A,Small Cap,Y,Y,25718.46,00000046,Pharmaceuticals,00000073,Pharmaceuticals - Multinational,Company,PFIZER,Active,Active,PFIZER,Y,Consistently profitable Company,0,Jun2019,0,0,0.0,0.0,0.0,0.0,0.0,0.0,0.0,0.0,0.0,0.0,0.0,0.0,0.0,0.0,0.0,0.0,0.0,0.0,0.0,0.0,0.0,0.0,0.0,0.0,0.0,0.0,0.0,0.0,0.0,0.0,0.0,0.0,0.0,0.0,0.0,0.0,0.0,0.0,0.0,0.0,0.0,0.0,0.0,0.0,0.0,0.0,0.0,0.0,0.0,0.0,0.0,0.0,0.0,0.0,0.0,0.0,0.0,0.0,0.0,0.0,29243042.0,63.9224,0.0,0.0,0.0,0.0,220964.0,0.483,1891204.0,4.1339,3023572.0,0.2638,1172592.0,2.5632,4105091.0,8.9733,6091267.0,19.6603,42724160.0,66.9686
434,2019-03,2019,Mar2019,Pfizer,Pfizer Ltd,500680,INE182A01018,A,Small Cap,Y,Y,25718.46,00000046,Pharmaceuticals,00000073,Pharmaceuticals - Multinational,Company,PFIZER,Active,Active,PFIZER,Y,Consistently profitable Company,S,Mar2019,00000046,00000073,0.0,2081.5,167.39,2339.77,0.0,0.0,34.82,1.72,323.84,1606.75,71.39,659.91,243.77,0.0,-12.91,0.01,429.04,0.0,989.29,110.3,1308.04,0.0,0.0,225.0,22.5,51.01,0.0,1236.61,90.88,81.81,0.0,429.05,93.78,93.78,658.22,658.22,2030.49,0.0,0.0,731.3,0.0,0.0,0.0,0.0,0.0,0.0,0.0,0.0,0.0,0.0,0.0,2081.5,0.0,90.88,838.78,11.45,62.54,335.32,0.0,733.02,0.0,0.0,0.0,0.0,0.0,0.0,0.0,0.0,0.0,0.0,0.0,0.0,0.0,0.0,0.0,0.0,0.0,0.0,0.0,0.0
434,2018-03,2018,Mar2018,Pfizer,Pfizer Ltd,500680,INE182A01018,A,Small Cap,Y,Y,25718.46,00000046,Pharmaceuticals,00000073,Pharmaceuticals - Multinational,Company,PFIZER,Active,Active,PFIZER,Y,Consistently profitable Company,S,Mar2018,00000046,00000073,0.0,1968.51,114.29,2055.29,0.0,0.0,28.22,0.77,314.29,1440.3600000000001,66.25,547.91,194.49,0.0,-6.65,0.04,360.03,-18.62,739.34,91.5,989.29,91.50074,0.0,200.0,20.0,55.33,0.0,1095.41,-27.51,71.23,0.0,360.07,78.7,78.7,586.49,586.49,1924.86,0.0,0.0,614.16,0.0,0.0,0.0,0.0,0.0,0.0,0.0,0.0,0.0,0.0,0.0,1980.19,11.68,-27.51,712.17,12.34,56.61,316.73,0.0,614.93,0.0,0.0,0.0,0.0,0.0,0.0,0.0,0.0,0.0,0.0,0.0,0.0,0.0,0.0,0.0,0.0,0.0,0.0,0.0,0.0
434,2017-03,2017,Mar2017,Pfizer,Pfizer Ltd,500680,INE182A01018,A,Small Cap,Y,Y,25718.46,00000046,Pharmaceuticals,00000073,Pharmaceuticals - Multinational,Company,PFIZER,Active,Active,PFIZER,Y,Consistently profitable Company,S,Mar2017,00000046,00000073,0.0,1966.26,231.59,2213.61,0.0,0.0,55.57,1.96,303.89,1631.8899999999999,62.93,516.83,188.66,0.0,-8.61,83.28,253.49999999999997,-13.97,485.15,68.62,739.34,91.5007439999999,0.0,200.0,20.0,24.669999999999998,0.0,1193.2,15.76,71.03,0.0,336.78,73.61,73.61,528.72,528.72,2017.26,0.0,0.0,579.76,0.0,0.0,0.0,0.0,0.0,0.0,0.0,0.0,0.0,0.0,0.0,2041.93,75.67,15.76,812.24,10.34,66.73,383.12,0.0,581.72,0.0,0.0,0.0,0.0,0.0,0.0,0.0,0.0,0.0,0.0,0.0,0.0,0.0,0.0,0.0,0.0,0.0,0.0,0.0,0.0
434,2016-03,2016,Mar2016,Pfizer,Pfizer Ltd,500680,INE182A01018,A,Small Cap,Y,Y,25718.46,00000046,Pharmaceuticals,00000073,Pharmaceuticals - Multinational,Company,PFIZER,Active,Active,PFIZER,Y,Consistently profitable Company,S,Mar2016,00000046,00000073,0.0,2012.3400000000001,96.88,2057.3300000000004,0.0,0.0,63.38,1.4,277.34,1527.58,57.93,470.43,187.81,0.0,-22.37,5.82,299.16,-68.83,248.99,0.0,485.15,68.6216,0.0,150.0,15.0,22.16,0.0,1088.23,-51.89,82.04,0.0,304.98,66.66,66.66,472.9,472.9,2071.6,0.0,0.0,528.36,0.0,0.0,0.0,0.0,0.0,0.0,0.0,0.0,0.0,0.0,0.0,2093.76,81.42,-51.89,735.2,10.43,65.26,375.97,0.0,529.76,0.0,0.0,0.0,0.0,0.0,0.0,0.0,0.0,0.0,0.0,0.0,0.0,0.0,0.0,0.0,0.0,0.0,0.0,0.0,0.0
434,2015-03,2015,Mar2015,Pfizer,Pfizer Ltd,500680,INE182A01018,A,Small Cap,Y,Y,25718.46,00000046,Pharmaceuticals,00000073,Pharmaceuticals - Multinational,Company,PFIZER,Active,Active,PFIZER,Y,Consistently profitable Company,S,Mar2015,00000046,00000073,0.0,1853.32,155.27,2090.9500000000003,0.0,0.0,131.78,1.51,236.36,1632.43,249.52,207.48999999999998,151.0,0.0,-13.32,-30.18,100.0,-0.19,303.87,68.83,304.67,57.18,0.0,125.0,12.5,25.57,0.0,1140.73,82.36,75.61,0.0,69.82,12.72,12.72,431.26,431.26,1900.76,0.0,0.0,457.01,0.0,0.0,0.0,0.0,0.0,0.0,0.0,0.0,0.0,0.0,0.0,1926.34,73.02,82.36,822.22,10.4,71.75,359.92,0.0,458.52,0.0,0.0,0.0,0.0,0.0,0.0,0.0,0.0,0.0,0.0,0.0,0.0,0.0,0.0,0.0,0.0,0.0,0.0,0.0,0.0
434,2014-03,2014,Mar2014,Pfizer,Pfizer Ltd,500680,INE182A01018,A,Small Cap,Y,Y,25718.46,00000046,Pharmaceuticals,00000073,Pharmaceuticals - Multinational,Company,PFIZER,Active,Active,PFIZER,Y,Consistently profitable Company,S,Mar2014,00000046,00000073,0.0,1111.81,109.38,1218.3500000000001,0.0,0.0,29.98,1.1,191.77,869.7,7.97,339.58,113.04,0.0,5.68,1.14,219.72000000000003,0.0,1361.97,1278.95,303.87,1074.29,0.0,3600.0,360.0,107.53,0.0,626.85,-2.84,33.8,0.0,220.86,12.83,12.83,220.62,220.62,1057.43,0.0,0.0,347.55,0.0,0.0,0.0,0.0,0.0,0.0,0.0,0.0,0.0,0.0,0.0,1164.96,53.15,-2.84,372.04,8.62,54.42,212.86,0.0,348.65000000000003,0.0,0.0,0.0,0.0,0.0,0.0,0.0,0.0,0.0,0.0,0.0,0.0,0.0,0.0,0.0,0.0,0.0,0.0,0.0,0.0
434,2013-03,2013,Mar2013,Pfizer,Pfizer Ltd,500680,INE182A01018,A,Small Cap,Y,Y,25718.46,00000046,Pharmaceuticals,00000073,Pharmaceuticals - Multinational,Company,PFIZER,Active,Active,PFIZER,Y,Consistently profitable Company,S,Mar2013,00000046,00000073,0.0,1048.8400000000001,519.36,1570.8700000000001,0.0,0.0,29.32,1.73,211.12,867.35,8.02,693.76,195.43,0.0,-4.86,297.5,205.7,0.0,1022.56,163.79,1361.97,96.99,0.0,325.0,32.5,100.86,0.0,610.5500000000001,2.67,48.26,0.0,503.2,163.09,163.09,567.77,567.77,995.09,0.0,0.0,701.78,0.0,0.0,0.0,0.0,0.0,0.0,0.0,0.0,0.0,0.0,0.0,1095.95,47.11,2.67,335.72,8.61,55.1,227.48,0.0,703.51,0.0,0.0,0.0,0.0,0.0,0.0,0.0,0.0,0.0,0.0,0.0,0.0,0.0,0.0,0.0,0.0,0.0,0.0,0.0,0.0
434,2012-03,2012,Mar2012,Pfizer,Pfizer Ltd,500680,INE182A01018,A,Small Cap,Y,Y,25718.46,00000046,Pharmaceuticals,00000073,Pharmaceuticals - Multinational,Company,PFIZER,Active,Active,PFIZER,Y,Consistently profitable Company,S,Mar2012,00000046,00000073,0.0,1093.29,92.73,1204.51,0.0,0.0,28.62,2.08,193.2,915.3399999999999,9.56,277.53,94.47,0.0,-1.55,-0.18,184.79000000000002,0.0,899.77,61.82,1022.56,37.3,0.0,125.0,12.5,75.96,0.0,635.47,18.49,72.36,0.0,184.61,59.84,59.84,437.23,437.23,1058.35,0.0,0.0,287.09,0.0,0.0,0.0,0.0,0.0,0.0,0.0,0.0,0.0,0.0,0.0,1134.31,41.02,18.49,377.58,9.07,55.62,251.25,0.0,289.16999999999996,0.0,0.0,0.0,0.0,0.0,0.0,0.0,0.0,0.0,0.0,0.0,0.0,0.0,0.0,0.0,0.0,0.0,0.0,0.0,0.0
434,2011-03,2011,Mar2011,Pfizer,Pfizer Ltd,500680,INE182A01018,A,Small Cap,Y,Y,25718.46,00000046,Pharmaceuticals,00000073,Pharmaceuticals - Multinational,Company,PFIZER,Active,Active,PFIZER,Y,Consistently profitable Company,S,Mar2011,00000046,00000073,0.0,1252.45,92.9,1377.5000000000002,0.0,0.0,31.95,2.47,230.02,1018.41,12.0,344.62,126.32,0.0,-8.04,-2.23,228.57,0.0,753.29,79.86,899.77,49.24,0.0,165.0,16.5,82.89,0.0,727.75,32.15,64.15,10.38,226.34,54.88,54.88,389.89,389.89,1215.01,0.0,0.0,356.62,0.0,0.0,0.0,0.0,0.0,0.0,0.0,0.0,0.0,0.0,0.0,1297.9,45.45,32.15,422.64,9.14,65.95,258.71,0.0,359.09000000000003,0.0,0.0,0.0,0.0,0.0,0.0,0.0,0.0,0.0,0.0,0.0,0.0,0.0,0.0,0.0,0.0,0.0,0.0,0.0,0.0
434,2008-11,2008,Nov2008,Pfizer,Pfizer Ltd,500680,INE182A01018,A,Small Cap,Y,Y,25718.46,00000046,Pharmaceuticals,00000073,Pharmaceuticals - Multinational,Company,PFIZER,Active,Active,PFIZER,Y,Consistently profitable Company,C,Nov2008,00000046,00000073,0.0,711.28,303.96,1037.73,0.0,0.0,48.98,0.0,98.43,607.49,11.12,419.12,124.62,0.0,-7.35,146.2,153.37,0.0,450.96,73.55,676.98,37.3,0.0,0.0,0.0,0.0,0.0,393.67,22.49,34.13,0.0,299.57,0.0,0.0,301.97,301.97,769.0,0.0,0.0,430.24,0.0,0.0,2.28,0.0,0.0,299.57,125.0,98.27,98.27,98.27,98.27,769.0,57.72,22.49,262.62,7.17,25.45,164.84,0.0,430.24,0.0,0.0,0.0,0.0,0.0,0.0,0.0,0.0,0.0,0.0,0.0,0.0,0.0,0.0,0.0,0.0,0.0,0.0,0.0,0.0
434,2007-11,2007,Nov2007,Pfizer,Pfizer Ltd,500680,INE182A01018,A,Small Cap,Y,Y,25718.46,00000046,Pharmaceuticals,00000073,Pharmaceuticals - Multinational,Company,PFIZER,Active,Active,PFIZER,Y,Consistently profitable Company,C,Nov2007,00000046,00000073,0.0,714.3299999999999,343.07,1052.6299999999999,0.0,0.0,62.41,0.02,98.72,591.6899999999999,9.58,451.34000000000003,107.54,0.0,1.38,195.18,144.82,0.0,240.97,130.01,450.96,82.06,0.0,0.0,0.0,0.0,0.0,359.80999999999995,-4.77,36.59,0.0,340.0,0.0,0.0,217.73,217.73,777.3,0.0,0.0,460.92,0.0,0.0,2.42,0.0,0.0,340.0,275.0,109.27,109.27,109.27,109.27,777.3,62.97,-4.77,229.29,7.94,23.86,169.47,0.0,460.94,0.0,0.0,0.0,0.0,0.0,0.0,0.0,0.0,0.0,0.0,0.0,0.0,0.0,0.0,0.0,0.0,0.0,0.0,0.0,0.0
434,2006-11,2006,Nov2006,Pfizer,Pfizer Ltd,500680,INE182A01018,A,Small Cap,Y,Y,25718.46,00000046,Pharmaceuticals,00000073,Pharmaceuticals - Multinational,Company,PFIZER,Active,Active,PFIZER,Y,Consistently profitable Company,C,Nov2006,00000046,00000073,0.0,707.57,59.6,777.4300000000001,0.0,0.0,68.63,0.07,100.37,601.64,13.07,162.65,58.57,0.0,-5.33,-7.17,113.51,0.0,222.19,87.56,240.97,67.14,0.0,0.0,0.0,0.0,0.0,366.96999999999997,10.26,35.62,0.0,106.34,0.0,0.0,135.97,135.97,770.6,0.0,0.0,175.72,0.0,0.0,3.07,0.0,0.0,106.34,225.0,32.48,32.48,32.48,32.48,770.6,63.03,10.26,237.01,7.5,22.09,166.04,0.0,175.79,0.0,0.0,0.0,0.0,0.0,0.0,0.0,0.0,0.0,0.0,0.0,0.0,0.0,0.0,0.0,0.0,0.0,0.0,0.0,0.0
434,2005-11,2005,Nov2005,Pfizer,Pfizer Ltd,500680,INE182A01018,A,Small Cap,Y,Y,25718.46,00000046,Pharmaceuticals,00000073,Pharmaceuticals - Multinational,Company,PFIZER,Active,Active,PFIZER,Y,Consistently profitable Company,C,Nov2005,00000046,00000073,0.0,639.07,41.06,714.3700000000001,0.0,0.0,57.47,0.16,98.58,588.51,13.85,111.85000000000001,41.79,0.0,-2.68,-14.07,84.80000000000001,-0.28,192.62,40.88,222.19,29.84,0.0,0.0,0.0,0.0,0.0,371.96999999999997,34.24,29.64,6.32,70.73,0.0,0.0,125.99,125.99,702.34,0.0,0.0,125.7,0.0,0.0,2.01,0.0,0.0,70.73,100.0,22.3,22.3,22.3,22.3,702.34,63.27,34.24,238.71,7.96,26.72,159.07,0.0,125.86,0.0,0.0,0.0,0.0,0.0,0.0,0.0,0.0,0.0,0.0,0.0,0.0,0.0,0.0,0.0,0.0,0.0,0.0,0.0,0.0
434,2004-11,2004,Nov2004,Pfizer,Pfizer Ltd,500680,INE182A01018,A,Small Cap,Y,Y,25718.46,00000046,Pharmaceuticals,00000073,Pharmaceuticals - Multinational,Company,PFIZER,Active,Active,PFIZER,Y,Consistently profitable Company,C,Nov2004,00000046,00000073,0.0,646.02,20.46,641.88,0.0,0.0,65.55,0.81,81.0,556.3,10.26,74.50999999999999,27.01,0.0,2.91,-11.45,56.040000000000006,-2.81,189.18,38.34,192.62,29.84,0.0,0.0,0.0,25.17,0.0,316.23,-24.6,25.2,0.0,44.59,0.0,0.0,117.53,117.53,670.59,0.0,0.0,84.77,0.0,0.0,0.0,0.0,0.0,44.59,100.0,14.13,14.13,14.13,14.13,695.76,49.74,-24.6,208.61,8.01,18.61,174.52,0.0,85.58,0.0,0.0,0.0,0.0,0.0,0.0,0.0,0.0,0.0,0.0,0.0,0.0,0.0,0.0,0.0,0.0,0.0,0.0,0.0,0.0
434,2003-11,2003,Nov2003,Pfizer,Pfizer Ltd,500680,INE182A01018,A,Small Cap,Y,Y,25718.46,00000046,Pharmaceuticals,00000073,Pharmaceuticals - Multinational,Company,PFIZER,Active,Active,PFIZER,Y,Consistently profitable Company,C,Nov2003,00000046,00000073,0.0,565.25,11.09,564.5,0.0,0.0,31.28,0.4,94.66,510.97,10.83,42.300000000000004,20.8,0.0,-2.19,-8.39,32.08,-2.77,195.63,27.37,189.18,21.6,0.0,0.0,0.0,29.44,0.0,326.44,-11.84,26.16,0.0,23.69,0.0,0.0,106.28,106.28,575.35,0.0,0.0,53.13,0.0,0.0,0.0,0.0,0.0,23.69,75.0,7.26,7.26,7.26,7.26,604.79,39.54,-11.84,204.5,10.22,17.06,153.25,0.0,53.53,0.0,0.0,0.0,0.0,0.0,0.0,0.0,0.0,0.0,0.0,0.0,0.0,0.0,0.0,0.0,0.0,0.0,0.0,0.0,0.0
434,2002-11,2002,Nov2002,Pfizer,Pfizer Ltd,500680,INE182A01018,A,Small Cap,Y,Y,25718.46,00000046,Pharmaceuticals,00000073,Pharmaceuticals - Multinational,Company,PFIZER,Active,Active,PFIZER,Y,Consistently profitable Company,C,Nov2002,00000046,00000073,0.0,719.5,48.98,754.0500000000002,0.0,0.0,42.48,0.78,99.05,615.6500000000001,10.64,126.98,53.46,0.0,-2.4,14.89,61.03,1.69,147.62,29.6,195.63,21.6,0.0,0.0,0.0,43.66,0.0,404.08000000000004,-14.43,34.06,0.0,75.92,0.0,0.0,129.77,129.77,733.03,0.0,0.0,137.62,0.0,0.0,0.0,0.0,0.0,75.92,75.0,32.39,32.39,32.39,32.39,776.69,57.19,-14.43,276.86,12.97,15.2,169.09,0.0,138.4,0.0,0.0,0.0,0.0,0.0,0.0,0.0,0.0,0.0,0.0,0.0,0.0,0.0,0.0,0.0,0.0,0.0,0.0,0.0,0.0
